{"turns":31,"p1":"AFK Sylveon","p2":"Supanova","p1team":[{"name":"Venipede","moves":["spikes","steamroller","toxicspikes","poisonjab"],"ability":"Quick Feet","evs":{"hp":85,"atk":85,"def":85,"spa":85,"spd":85,"spe":85},"ivs":{"hp":31,"atk":31,"def":31,"spa":31,"spd":31,"spe":31},"item":"Focus Sash","level":95,"shiny":false},{"name":"Lombre","moves":["leechseed","icebeam","scald","gigadrain"],"ability":"Rain Dish","evs":{"hp":85,"atk":85,"def":85,"spa":85,"spd":85,"spe":85},"ivs":{"hp":31,"atk":31,"def":31,"spa":31,"spd":31,"spe":31},"item":"Life Orb","level":90,"shiny":false},{"name":"Gastrodon","moves":["scald","toxic","clearsmog","recover"],"ability":"Storm Drain","evs":{"hp":85,"atk":85,"def":85,"spa":85,"spd":85,"spe":85},"ivs":{"hp":31,"atk":31,"def":31,"spa":31,"spd":31,"spe":31},"item":"Leftovers","level":74,"shiny":false},{"name":"Jigglypuff","moves":["counter","healbell","thunderwave","lightscreen"],"ability":"Cute Charm","evs":{"hp":85,"atk":85,"def":85,"spa":85,"spd":85,"spe":85},"ivs":{"hp":31,"atk":31,"def":31,"spa":31,"spd":31,"spe":31},"item":"Light Clay","level":95,"shiny":false},{"name":"Cresselia","moves":["thunderwave","icebeam","reflect","psychic"],"ability":"Levitate","evs":{"hp":85,"atk":85,"def":85,"spa":85,"spd":85,"spe":85},"ivs":{"hp":31,"atk":31,"def":31,"spa":31,"spd":31,"spe":31},"item":"Light Clay","level":80,"shiny":false},{"name":"Toxicroak","moves":["fakeout","swordsdance","crosschop","icepunch"],"ability":"Dry Skin","evs":{"hp":85,"atk":85,"def":85,"spa":85,"spd":85,"spe":85},"ivs":{"hp":31,"atk":31,"def":31,"spa":31,"spd":31,"spe":31},"item":"Life Orb","level":78,"shiny":false}],"p2team":[{"name":"Scraggy","moves":["rest","crunch","dragondance","icepunch"],"ability":"Shed Skin","evs":{"hp":85,"atk":85,"def":85,"spa":85,"spd":85,"spe":85},"ivs":{"hp":31,"atk":31,"def":31,"spa":31,"spd":31,"spe":31},"item":"Focus Sash","level":95,"shiny":false},{"name":"Wastrield","moves":["calmmind","psyshock","thunderbolt","substitute"],"ability":"Adrenaline","evs":{"hp":85,"atk":85,"def":85,"spa":85,"spd":85,"spe":85},"ivs":{"hp":31,"atk":31,"def":31,"spa":31,"spd":31,"spe":31},"item":"Leftovers","level":74,"shiny":false},{"name":"Arcanine","moves":["morningsun","willowisp","wildcharge","closecombat"],"ability":"Intimidate","evs":{"hp":85,"atk":85,"def":85,"spa":85,"spd":85,"spe":85},"ivs":{"hp":31,"atk":31,"def":31,"spa":31,"spd":31,"spe":31},"item":"Air Balloon","level":78,"shiny":false},{"name":"Qwilfish","moves":["swordsdance","waterfall","destinybond","poisonjab"],"ability":"Intimidate","evs":{"hp":85,"atk":85,"def":85,"spa":85,"spd":85,"spe":85},"ivs":{"hp":31,"atk":31,"def":31,"spa":31,"spd":31,"spe":31},"item":"Air Balloon","level":82,"shiny":false},{"name":"Blissey","moves":["stealthrock","seismictoss","wish","protect"],"ability":"Natural Cure","evs":{"hp":85,"atk":85,"def":85,"spa":85,"spd":85,"spe":85},"ivs":{"hp":31,"atk":31,"def":31,"spa":31,"spd":31,"spe":31},"item":"Leftovers","level":74,"shiny":false},{"name":"Shedinja","moves":["suckerpunch","swordsdance","willowisp","xscissor"],"ability":"Wonder Guard","evs":{"hp":85,"atk":85,"def":85,"spa":85,"spd":85,"spe":85},"ivs":{"hp":31,"atk":31,"def":31,"spa":31,"spd":31,"spe":31},"item":"Focus Sash","level":99,"shiny":false}],"log":["|player|p1|AFK Sylveon|294","|player|p2|Supanova|240","|gametype|singles","|tier|Tervari Random Battle","|rated","|rule|Sleep Clause Mod: Limit one foe put to sleep","|rule|HP Percentage Mod: HP is reported as percentages","|","|start","|switch|p1a: Venipede|Venipede, L95, M|211/211","|switch|p2a: Scraggy|Scraggy, L95, F|249/249","|turn|1","|callback|decision","|chat|Supanova|gl","|","|move|p1a: Venipede|Toxic Spikes|p2a: Scraggy","|-sidestart|p2: Supanova|move: Toxic Spikes","|move|p2a: Scraggy|Ice Punch|p1a: Venipede","|-damage|p1a: Venipede|145/211","|","|turn|2","|callback|decision","|","|move|p1a: Venipede|Toxic Spikes|p2a: Scraggy","|-sidestart|p2: Supanova|move: Toxic Spikes","|move|p2a: Scraggy|Dragon Dance|p2a: Scraggy","|-boost|p2a: Scraggy|atk|1","|-boost|p2a: Scraggy|spe|1","|","|turn|3","|callback|decision","|","|move|p2a: Scraggy|Ice Punch|p1a: Venipede","|-damage|p1a: Venipede|43/211","|move|p1a: Venipede|Steamroller|p2a: Scraggy","|-damage|p2a: Scraggy|198/249","|","|turn|4","|callback|decision","|","|move|p2a: Scraggy|Ice Punch|p1a: Venipede","|-damage|p1a: Venipede|0 fnt","|faint|p1a: Venipede","|","|callback|decision","|","|switch|p1a: Toxicroak|Toxicroak, L78, M|258/258","|turn|5","|callback|decision","|","|move|p1a: Toxicroak|Fake Out|p2a: Scraggy","|-damage|p2a: Scraggy|163/249","|-damage|p1a: Toxicroak|233/258|[from] item: Life Orb","|cant|p2a: Scraggy|flinch","|","|turn|6","|callback|decision","|","|move|p2a: Scraggy|Crunch|p1a: Toxicroak","|-resisted|p1a: Toxicroak","|-damage|p1a: Toxicroak|138/258","|-unboost|p1a: Toxicroak|def|1","|move|p1a: Toxicroak|Swords Dance|p1a: Toxicroak","|-boost|p1a: Toxicroak|atk|2","|","|turn|7","|callback|decision","|","|move|p2a: Scraggy|Crunch|p1a: Toxicroak","|-resisted|p1a: Toxicroak","|-damage|p1a: Toxicroak|0 fnt","|faint|p1a: Toxicroak","|","|callback|decision","|","|switch|p1a: Cresselia|Cresselia, L80, F|323/323","|turn|8","|callback|decision","|","|move|p2a: Scraggy|Crunch|p1a: Cresselia","|-supereffective|p1a: Cresselia","|-damage|p1a: Cresselia|101/323","|move|p1a: Cresselia|Thunder Wave|p2a: Scraggy","|-status|p2a: Scraggy|par","|","|-activate|p2a: Scraggy|ability: Shed Skin","|-curestatus|p2a: Scraggy|par","|turn|9","|callback|decision","|chat|Supanova|:D","|","|move|p2a: Scraggy|Crunch|p1a: Cresselia","|-supereffective|p1a: Cresselia","|-damage|p1a: Cresselia|0 fnt","|faint|p1a: Cresselia","|","|callback|decision","|","|switch|p1a: Lombre|Lombre, L90, F|254/254","|turn|10","|callback|decision","|","|move|p2a: Scraggy|Ice Punch|p1a: Lombre","|-damage|p1a: Lombre|136/254","|move|p1a: Lombre|Giga Drain|p2a: Scraggy","|-damage|p2a: Scraggy|80/249","|-heal|p1a: Lombre|178/254|[from] drain|[of] p2a: Scraggy","|-damage|p1a: Lombre|153/254|[from] item: Life Orb","|","|turn|11","|callback|decision","|","|move|p2a: Scraggy|Ice Punch|p1a: Lombre","|-damage|p1a: Lombre|43/254","|move|p1a: Lombre|Giga Drain|p2a: Scraggy","|-damage|p2a: Scraggy|0 fnt","|-heal|p1a: Lombre|83/254|[from] drain|[of] p2a: Scraggy","|-damage|p1a: Lombre|58/254|[from] item: Life Orb","|faint|p2a: Scraggy","|","|callback|decision","|","|switch|p2a: Shedinja|Shedinja, L99|1/1","|-status|p2a: Shedinja|tox","|turn|12","|callback|decision","|","|move|p2a: Shedinja|Sucker Punch|p1a: Lombre","|-fail|p1a: Lombre","|move|p1a: Lombre|Leech Seed|p2a: Shedinja","|-start|p2a: Shedinja|move: Leech Seed","|","|-damage|p2a: Shedinja|0 fnt|[from] Leech Seed|[of] p1a: Lombre","|-heal|p1a: Lombre|59/254|[silent]","|faint|p2a: Shedinja","|callback|decision","|chat|Volcun|dang","|chat|Supanova|wtf wow","|","|switch|p2a: Qwilfish|Qwilfish, L82, F|241/241","|-ability|p2a: Qwilfish|Intimidate|[of] p1a: Lombre","|-unboost|p1a: Lombre|atk|1","|-item|p2a: Qwilfish|Air Balloon","|turn|13","|callback|decision","|chat|AFK Sylveon|*trollfaces*","|","|move|p2a: Qwilfish|Poison Jab|p1a: Lombre","|-supereffective|p1a: Lombre","|-damage|p1a: Lombre|0 fnt","|faint|p1a: Lombre","|","|callback|decision","|","|switch|p1a: Gastrodon|Gastrodon, L74, M|286/286","|turn|14","|callback|decision","|chat|Supanova|that was well played ill admit","|","|move|p2a: Qwilfish|Swords Dance|p2a: Qwilfish","|-boost|p2a: Qwilfish|atk|2","|move|p1a: Gastrodon|Scald|p2a: Qwilfish","|-resisted|p2a: Qwilfish","|-damage|p2a: Qwilfish|197/241","|-enditem|p2a: Qwilfish|Air Balloon","|","|turn|15","|callback|decision","|","|move|p2a: Qwilfish|Swords Dance|p2a: Qwilfish","|-boost|p2a: Qwilfish|atk|2","|move|p1a: Gastrodon|Clear Smog|p2a: Qwilfish","|-resisted|p2a: Qwilfish","|-damage|p2a: Qwilfish|178/241","|-clearboost|p2a: Qwilfish","|","|turn|16","|callback|decision","|chat|Supanova|fudge pops","|","|move|p2a: Qwilfish|Swords Dance|p2a: Qwilfish","|-boost|p2a: Qwilfish|atk|2","|move|p1a: Gastrodon|Scald|p2a: Qwilfish","|-resisted|p2a: Qwilfish","|-damage|p2a: Qwilfish|133/241","|","|turn|17","|callback|decision","|","|move|p2a: Qwilfish|Poison Jab|p1a: Gastrodon","|-resisted|p1a: Gastrodon","|-damage|p1a: Gastrodon|180/286","|move|p1a: Gastrodon|Clear Smog|p2a: Qwilfish","|-resisted|p2a: Qwilfish","|-damage|p2a: Qwilfish|115/241","|-clearboost|p2a: Qwilfish","|","|-heal|p1a: Gastrodon|197/286|[from] item: Leftovers","|turn|18","|callback|decision","|","|move|p2a: Qwilfish|Waterfall|p1a: Gastrodon","|-boost|p1a: Gastrodon|spa|1|[from] ability: Storm Drain","|move|p1a: Gastrodon|Clear Smog|p2a: Qwilfish","|-resisted|p2a: Qwilfish","|-damage|p2a: Qwilfish|89/241","|-clearboost|p2a: Qwilfish","|","|-heal|p1a: Gastrodon|214/286|[from] item: Leftovers","|turn|19","|callback|decision","|chat|Supanova|crap","|","|move|p2a: Qwilfish|Swords Dance|p2a: Qwilfish","|-boost|p2a: Qwilfish|atk|2","|move|p1a: Gastrodon|Scald|p2a: Qwilfish","|-resisted|p2a: Qwilfish","|-damage|p2a: Qwilfish|23/241","|-status|p2a: Qwilfish|brn","|","|-heal|p1a: Gastrodon|231/286|[from] item: Leftovers","|-damage|p2a: Qwilfish|0 fnt|[from] brn","|faint|p2a: Qwilfish","|callback|decision","|chat|Supanova|aww i had destiny bond","|chat|AFK Sylveon|lol","|","|switch|p2a: Wastrield|Wastrield, L74|248/248","|-status|p2a: Wastrield|tox","|turn|20","|callback|decision","|","|move|p2a: Wastrield|Psyshock|p1a: Gastrodon","|-damage|p1a: Gastrodon|116/286","|move|p1a: Gastrodon|Scald|p2a: Wastrield","|-damage|p2a: Wastrield|155/248 tox","|","|-heal|p2a: Wastrield|170/248 tox|[from] item: Leftovers","|-heal|p1a: Gastrodon|133/286|[from] item: Leftovers","|-damage|p2a: Wastrield|155/248 tox|[from] psn","|turn|21","|callback|decision","|","|move|p2a: Wastrield|Psyshock|p1a: Gastrodon","|-damage|p1a: Gastrodon|28/286","|move|p1a: Gastrodon|Recover|p1a: Gastrodon","|-heal|p1a: Gastrodon|171/286","|","|-heal|p2a: Wastrield|170/248 tox|[from] item: Leftovers","|-heal|p1a: Gastrodon|188/286|[from] item: Leftovers","|-damage|p2a: Wastrield|140/248 tox|[from] psn","|turn|22","|callback|decision","|","|move|p2a: Wastrield|Substitute|p2a: Wastrield","|-start|p2a: Wastrield|Substitute","|-damage|p2a: Wastrield|78/248 tox","|move|p1a: Gastrodon|Recover|p1a: Gastrodon","|-heal|p1a: Gastrodon|286/286","|","|-heal|p2a: Wastrield|93/248 tox|[from] item: Leftovers","|-damage|p2a: Wastrield|48/248 tox|[from] psn","|turn|23","|callback|decision","|chat|AFK Sylveon|hahahaha","|","|move|p2a: Wastrield|Psyshock|p1a: Gastrodon","|-damage|p1a: Gastrodon|169/286","|move|p1a: Gastrodon|Scald|p2a: Wastrield","|-end|p2a: Wastrield|Substitute","|","|-boost|p2a: Wastrield|atk|1|[from] ability: Adrenaline","|-boost|p2a: Wastrield|spa|1|[from] ability: Adrenaline","|-heal|p2a: Wastrield|63/248 tox|[from] item: Leftovers","|-heal|p1a: Gastrodon|186/286|[from] item: Leftovers","|-damage|p2a: Wastrield|3/248 tox|[from] psn","|turn|24","|callback|decision","|chat|Supanova|crap… the game is all even now","|","|move|p2a: Wastrield|Psyshock|p1a: Gastrodon","|-damage|p1a: Gastrodon|23/286","|move|p1a: Gastrodon|Recover|p1a: Gastrodon","|-heal|p1a: Gastrodon|166/286","|","|-boost|p2a: Wastrield|atk|1|[from] ability: Adrenaline","|-boost|p2a: Wastrield|spa|1|[from] ability: Adrenaline","|-heal|p2a: Wastrield|18/248 tox|[from] item: Leftovers","|-heal|p1a: Gastrodon|183/286|[from] item: Leftovers","|-damage|p2a: Wastrield|0 fnt|[from] psn","|faint|p2a: Wastrield","|callback|decision","|","|switch|p2a: Arcanine|Arcanine, L78, F|268/268","|-ability|p2a: Arcanine|Intimidate|[of] p1a: Gastrodon","|-unboost|p1a: Gastrodon|atk|1","|-item|p2a: Arcanine|Air Balloon","|turn|25","|callback|decision","|","|switch|p2a: Blissey|Blissey, L74, F|499/499","|-status|p2a: Blissey|tox","|move|p1a: Gastrodon|Scald|p2a: Blissey","|-damage|p2a: Blissey|426/499 tox","|","|-heal|p2a: Blissey|457/499 tox|[from] item: Leftovers","|-heal|p1a: Gastrodon|200/286|[from] item: Leftovers","|-damage|p2a: Blissey|426/499 tox|[from] psn","|turn|26","|callback|decision","|","|move|p2a: Blissey|Seismic Toss|p1a: Gastrodon","|-damage|p1a: Gastrodon|126/286","|move|p1a: Gastrodon|Recover|p1a: Gastrodon","|-heal|p1a: Gastrodon|269/286","|","|-heal|p2a: Blissey|457/499 tox|[from] item: Leftovers","|-heal|p1a: Gastrodon|286/286|[from] item: Leftovers","|-damage|p2a: Blissey|395/499 tox|[from] psn","|turn|27","|callback|decision","|","|move|p2a: Blissey|Seismic Toss|p1a: Gastrodon","|-damage|p1a: Gastrodon|212/286","|move|p1a: Gastrodon|Scald|p2a: Blissey","|-damage|p2a: Blissey|314/499 tox","|","|-heal|p2a: Blissey|345/499 tox|[from] item: Leftovers","|-heal|p1a: Gastrodon|229/286|[from] item: Leftovers","|-damage|p2a: Blissey|252/499 tox|[from] psn","|turn|28","|callback|decision","|","|move|p2a: Blissey|Wish|p2a: Blissey","|move|p1a: Gastrodon|Scald|p2a: Blissey","|-damage|p2a: Blissey|180/499 tox","|","|-heal|p2a: Blissey|211/499 tox|[from] item: Leftovers","|-heal|p1a: Gastrodon|246/286|[from] item: Leftovers","|-damage|p2a: Blissey|87/499 tox|[from] psn","|turn|29","|callback|decision","|","|move|p2a: Blissey|Protect|p2a: Blissey","|-singleturn|p2a: Blissey|Protect","|move|p1a: Gastrodon|Scald|p2a: Blissey","|-activate|p2a: Blissey|Protect","|","|-heal|p2a: Blissey|336/499 tox|[from] move: Wish|[wisher] Blissey","|-heal|p2a: Blissey|367/499 tox|[from] item: Leftovers","|-heal|p1a: Gastrodon|263/286|[from] item: Leftovers","|-damage|p2a: Blissey|212/499 tox|[from] psn","|turn|30","|callback|decision","|chat|Supanova|hehehe","|","|move|p2a: Blissey|Seismic Toss|p1a: Gastrodon","|-damage|p1a: Gastrodon|189/286","|move|p1a: Gastrodon|Scald|p2a: Blissey","|-damage|p2a: Blissey|137/499 tox","|","|-heal|p2a: Blissey|168/499 tox|[from] item: Leftovers","|-heal|p1a: Gastrodon|206/286|[from] item: Leftovers","|-damage|p2a: Blissey|0 fnt|[from] psn","|faint|p2a: Blissey","|callback|decision","|","|switch|p2a: Arcanine|Arcanine, L78, F|268/268","|-ability|p2a: Arcanine|Intimidate|[of] p1a: Gastrodon","|-unboost|p1a: Gastrodon|atk|1","|-item|p2a: Arcanine|Air Balloon","|turn|31","|callback|decision","|","|move|p2a: Arcanine|Close Combat|p1a: Gastrodon","|-damage|p1a: Gastrodon|104/286","|-unboost|p2a: Arcanine|def|1","|-unboost|p2a: Arcanine|spd|1","|move|p1a: Gastrodon|Scald|p2a: Arcanine","|-supereffective|p2a: Arcanine","|-damage|p2a: Arcanine|0 fnt","|-enditem|p2a: Arcanine|Air Balloon","|faint|p2a: Arcanine","|","|win|AFK Sylveon"],"p1rating":{"entryid":492755,"formatid":"tervarirandombattle","userid":"afksylveon","username":"AFK Sylveon","r":1500,"rd":350,"sigma":0.06,"rpr":1662.3108925672,"rprd":290.31896252483,"rpsigma":0.059999269601799,"gxe":63,"rptime":1384300800,"w":1,"l":0,"t":0,"acre":1253.5671558013,"lacre":-3746.4328441987,"oldacre":1007.0121159332,"oldrdacre":1169.3230085004},"p2rating":{"entryid":492756,"formatid":"tervarirandombattle","userid":"supanova","username":"Supanova","r":1500,"rd":350,"sigma":0.06,"rpr":1337.6891074328,"rprd":290.31896252483,"rpsigma":0.059999269601799,"gxe":37,"rptime":1384300800,"w":0,"l":1,"t":0,"acre":928.9453706669,"lacre":-4071.0546293331,"oldacre":1007.0121159332,"oldrdacre":844.70122336593},"endType":"normal"}