{"turns":32,"p1":"Cool Sylveon","p2":"ツTucci","p1team":[{"name":"Wormadam","moves":["psychic","gigadrain","signalbeam","protect"],"ability":"Anticipation","evs":{"hp":85,"atk":85,"def":85,"spa":85,"spd":85,"spe":85},"ivs":{"hp":31,"atk":31,"def":31,"spa":31,"spd":31,"spe":31},"item":"Leftovers","level":86,"shiny":false},{"name":"Gazceit","moves":["doublekick","wildcharge","return","substitute"],"ability":"Raw Power","evs":{"hp":85,"atk":85,"def":85,"spa":85,"spd":85,"spe":85},"ivs":{"hp":31,"atk":31,"def":31,"spa":31,"spd":31,"spe":31},"item":"Leftovers","level":74,"shiny":false},{"name":"Phione","moves":["raindance","icebeam","scald","rest"],"ability":"Hydration","evs":{"hp":85,"atk":85,"def":85,"spa":85,"spd":85,"spe":85},"ivs":{"hp":31,"atk":31,"def":31,"spa":31,"spd":31,"spe":31},"item":"Chesto Berry","level":86,"shiny":false},{"name":"Crawdaunt","moves":["dragondance","superpower","waterfall","crunch"],"ability":"Adaptability","evs":{"hp":85,"atk":85,"def":85,"spa":85,"spd":85,"spe":85},"ivs":{"hp":31,"atk":31,"def":31,"spa":31,"spd":31,"spe":31},"item":"Life Orb","level":82,"shiny":false},{"name":"Giratina-Origin","moves":["shadowball","dragonpulse","shadowsneak","substitute"],"ability":"Levitate","evs":{"hp":85,"atk":85,"def":85,"spa":85,"spd":85,"spe":85},"ivs":{"hp":31,"atk":31,"def":31,"spa":31,"spd":31,"spe":31},"item":"Griseous Orb","level":70,"shiny":false},{"name":"Scyther","moves":["bugbite","brickbreak","swordsdance","aerialace"],"ability":"Technician","evs":{"hp":85,"atk":85,"def":85,"spa":85,"spd":85,"spe":85},"ivs":{"hp":31,"atk":31,"def":31,"spa":31,"spd":31,"spe":31},"item":"Life Orb","level":82,"shiny":false}],"p2team":[{"name":"Ferrothorn","moves":["stealthrock","thunderwave","protect","powerwhip"],"ability":"Iron Barbs","evs":{"hp":85,"atk":85,"def":85,"spa":85,"spd":85,"spe":85},"ivs":{"hp":31,"atk":31,"def":31,"spa":31,"spd":31,"spe":31},"item":"Leftovers","level":74,"shiny":false},{"name":"Gazceit","moves":["wildcharge","voidhorn","substitute","flamecharge"],"ability":"Raw Power","evs":{"hp":85,"atk":85,"def":85,"spa":85,"spd":85,"spe":85},"ivs":{"hp":31,"atk":31,"def":31,"spa":31,"spd":31,"spe":31},"item":"Leftovers","level":74,"shiny":false},{"name":"Gloom","moves":["hiddenpowerfire","stunspore","sleeppowder","toxic"],"ability":"Chlorophyll","evs":{"hp":85,"atk":85,"def":85,"spa":85,"spd":85,"spe":85},"ivs":{"hp":31,"atk":30,"def":31,"spa":30,"spd":31,"spe":30},"item":"Black Sludge","level":90,"shiny":false},{"name":"Voltorb","moves":["voltswitch","taunt","foulplay","hiddenpowerice"],"ability":"Aftermath","evs":{"hp":85,"atk":85,"def":85,"spa":85,"spd":85,"spe":85},"ivs":{"hp":31,"atk":30,"def":30,"spa":31,"spd":31,"spe":31},"item":"Air Balloon","level":95,"shiny":false},{"name":"Conkeldurr","moves":["machpunch","bulkup","icepunch","drainpunch"],"ability":"Sheer Force","evs":{"hp":85,"atk":85,"def":85,"spa":85,"spd":85,"spe":85},"ivs":{"hp":31,"atk":31,"def":31,"spa":31,"spd":31,"spe":31},"item":"Life Orb","level":74,"shiny":false},{"name":"Rotom-Heat","moves":["painsplit","trick","substitute","willowisp"],"ability":"Levitate","evs":{"hp":85,"atk":85,"def":85,"spa":85,"spd":85,"spe":85},"ivs":{"hp":31,"atk":31,"def":31,"spa":31,"spd":31,"spe":31},"item":"Choice Scarf","level":78,"shiny":false}],"log":["|player|p1|Cool Sylveon|294","|player|p2|ツTucci|66","|gametype|singles","|tier|Tervari Random Battle","|rated","|rule|Sleep Clause Mod: Limit one foe put to sleep","|rule|HP Percentage Mod: HP is reported as percentages","|","|start","|switch|p1a: Wormadam|Wormadam, L86, F|243/243","|switch|p2a: Ferrothorn|Ferrothorn, L74, F|232/232","|turn|1","|callback|decision","|","|move|p1a: Wormadam|Signal Beam|p2a: Ferrothorn","|-damage|p2a: Ferrothorn|169/232","|move|p2a: Ferrothorn|Thunder Wave|p1a: Wormadam","|-status|p1a: Wormadam|par","|","|-heal|p2a: Ferrothorn|183/232|[from] item: Leftovers","|turn|2","|callback|decision","|","|move|p2a: Ferrothorn|Stealth Rock|p1a: Wormadam","|-sidestart|p1: Cool Sylveon|move: Stealth Rock","|cant|p1a: Wormadam|par","|","|-heal|p2a: Ferrothorn|197/232|[from] item: Leftovers","|turn|3","|callback|decision","|","|move|p2a: Ferrothorn|Protect|p2a: Ferrothorn","|-singleturn|p2a: Ferrothorn|Protect","|move|p1a: Wormadam|Signal Beam|p2a: Ferrothorn","|-activate|p2a: Ferrothorn|Protect","|","|-heal|p2a: Ferrothorn|211/232|[from] item: Leftovers","|turn|4","|callback|decision","|","|switch|p2a: Conkeldurr|Conkeldurr, L74, F|277/277","|move|p1a: Wormadam|Signal Beam|p2a: Conkeldurr","|-resisted|p2a: Conkeldurr","|-damage|p2a: Conkeldurr|225/277","|","|turn|5","|callback|decision","|","|move|p2a: Conkeldurr|Bulk Up|p2a: Conkeldurr","|-boost|p2a: Conkeldurr|atk|1","|-boost|p2a: Conkeldurr|def|1","|move|p1a: Wormadam|Psychic|p2a: Conkeldurr","|-supereffective|p2a: Conkeldurr","|-damage|p2a: Conkeldurr|65/277","|","|turn|6","|callback|decision","|","|move|p2a: Conkeldurr|Ice Punch|p1a: Wormadam","|-supereffective|p1a: Wormadam","|-damage|p1a: Wormadam|0 fnt","|faint|p1a: Wormadam","|","|callback|decision","|","|switch|p1a: Scyther|Scyther, L82, M|249/249","|-damage|p1a: Scyther|125/249|[from] Stealth Rock","|turn|7","|callback|decision","|","|switch|p2a: Ferrothorn|Ferrothorn, L74, F|211/232","|move|p1a: Scyther|Aerial Ace|p2a: Ferrothorn","|-damage|p2a: Ferrothorn|110/232","|-damage|p1a: Scyther|94/249|[from] ability: Iron Barbs|[of] p2a: Ferrothorn","|-damage|p1a: Scyther|70/249|[from] item: Life Orb","|","|-heal|p2a: Ferrothorn|124/232|[from] item: Leftovers","|turn|8","|callback|decision","|","|move|p2a: Ferrothorn|Protect|p2a: Ferrothorn","|-singleturn|p2a: Ferrothorn|Protect","|move|p1a: Scyther|Brick Break|p2a: Ferrothorn","|-activate|p2a: Ferrothorn|Protect","|","|-heal|p2a: Ferrothorn|138/232|[from] item: Leftovers","|turn|9","|callback|decision","|","|move|p1a: Scyther|Brick Break|p2a: Ferrothorn","|-supereffective|p2a: Ferrothorn","|-damage|p2a: Ferrothorn|26/232","|-damage|p1a: Scyther|39/249|[from] ability: Iron Barbs|[of] p2a: Ferrothorn","|-damage|p1a: Scyther|15/249|[from] item: Life Orb","|move|p2a: Ferrothorn|Thunder Wave|p1a: Scyther","|-status|p1a: Scyther|par","|","|-heal|p2a: Ferrothorn|40/232|[from] item: Leftovers","|turn|10","|callback|decision","|","|move|p2a: Ferrothorn|Protect|p2a: Ferrothorn","|-singleturn|p2a: Ferrothorn|Protect","|move|p1a: Scyther|Aerial Ace|p2a: Ferrothorn","|-activate|p2a: Ferrothorn|Protect","|","|-heal|p2a: Ferrothorn|54/232|[from] item: Leftovers","|turn|11","|callback|decision","|","|switch|p2a: Rotom-Heat|Rotom-Heat, L78|206/206","|move|p1a: Scyther|Aerial Ace|p2a: Rotom-Heat","|-resisted|p2a: Rotom-Heat","|-damage|p2a: Rotom-Heat|148/206","|-damage|p1a: Scyther|0 fnt|[from] item: Life Orb","|faint|p1a: Scyther","|","|callback|decision","|","|switch|p1a: Crawdaunt|Crawdaunt, L82, F|237/237","|-damage|p1a: Crawdaunt|208/237|[from] Stealth Rock","|turn|12","|callback|decision","|","|move|p2a: Rotom-Heat|Will-O-Wisp|p1a: Crawdaunt","|-status|p1a: Crawdaunt|brn","|move|p1a: Crawdaunt|Dragon Dance|p1a: Crawdaunt","|-boost|p1a: Crawdaunt|atk|1","|-boost|p1a: Crawdaunt|spe|1","|","|-damage|p1a: Crawdaunt|179/237 brn|[from] brn","|turn|13","|callback|decision","|","|switch|p2a: Conkeldurr|Conkeldurr, L74, F|65/277","|move|p1a: Crawdaunt|Waterfall|p2a: Conkeldurr","|-damage|p2a: Conkeldurr|0 fnt","|-damage|p1a: Crawdaunt|156/237 brn|[from] item: Life Orb","|faint|p2a: Conkeldurr","|","|-damage|p1a: Crawdaunt|127/237 brn|[from] brn","|callback|decision","|","|switch|p2a: Voltorb|Voltorb, L95|230/230","|-item|p2a: Voltorb|Air Balloon","|turn|14","|callback|decision","|","|move|p2a: Voltorb|Volt Switch|p1a: Crawdaunt","|-supereffective|p1a: Crawdaunt","|-damage|p1a: Crawdaunt|0 fnt","|faint|p1a: Crawdaunt","|callback|decision","|","|switch|p2a: Rotom-Heat|Rotom-Heat, L78|148/206","|","|callback|decision","|","|switch|p1a: Gazceit|Gazceit, L74, F|218/218","|-damage|p1a: Gazceit|191/218|[from] Stealth Rock","|turn|15","|callback|decision","|","|move|p2a: Rotom-Heat|Will-O-Wisp|p1a: Gazceit","|-status|p1a: Gazceit|brn","|move|p1a: Gazceit|Double Kick|p2a: Rotom-Heat","|-damage|p2a: Rotom-Heat|135/206","|-damage|p2a: Rotom-Heat|122/206","|-hitcount|p2a: Rotom-Heat|2","|","|-heal|p1a: Gazceit|204/218 brn|[from] item: Leftovers","|-damage|p1a: Gazceit|177/218 brn|[from] brn","|turn|16","|callback|decision","|","|switch|p2a: Voltorb|Voltorb, L95|230/230","|-item|p2a: Voltorb|Air Balloon","|move|p1a: Gazceit|Return|p2a: Voltorb","|-damage|p2a: Voltorb|136/230","|-enditem|p2a: Voltorb|Air Balloon","|","|-heal|p1a: Gazceit|190/218 brn|[from] item: Leftovers","|-damage|p1a: Gazceit|163/218 brn|[from] brn","|turn|17","|callback|decision","|","|move|p2a: Voltorb|Hidden Power|p1a: Gazceit","|-damage|p1a: Gazceit|69/218 brn","|move|p1a: Gazceit|Return|p2a: Voltorb","|-damage|p2a: Voltorb|6/230","|","|-heal|p1a: Gazceit|82/218 brn|[from] item: Leftovers","|-damage|p1a: Gazceit|55/218 brn|[from] brn","|turn|18","|callback|decision","|","|move|p2a: Voltorb|Hidden Power|p1a: Gazceit","|-damage|p1a: Gazceit|0 fnt","|faint|p1a: Gazceit","|","|callback|decision","|","|switch|p1a: Giratina-Origin|Giratina-Origin, L70|326/326","|-damage|p1a: Giratina-Origin|286/326|[from] Stealth Rock","|turn|19","|callback|decision","|","|move|p1a: Giratina-Origin|Shadow Sneak|p2a: Voltorb","|-damage|p2a: Voltorb|0 fnt","|faint|p2a: Voltorb","|-damage|p1a: Giratina-Origin|205/326|[from] ability: Aftermath|[of] p2a: Voltorb","|","|callback|decision","|","|switch|p2a: Ferrothorn|Ferrothorn, L74, F|54/232","|turn|20","|callback|decision","|","|move|p2a: Ferrothorn|Protect|p2a: Ferrothorn","|-singleturn|p2a: Ferrothorn|Protect","|move|p1a: Giratina-Origin|Shadow Ball|p2a: Ferrothorn","|-activate|p2a: Ferrothorn|Protect","|","|-heal|p2a: Ferrothorn|68/232|[from] item: Leftovers","|turn|21","|callback|decision","|","|move|p1a: Giratina-Origin|Shadow Ball|p2a: Ferrothorn","|-resisted|p2a: Ferrothorn","|-damage|p2a: Ferrothorn|31/232","|move|p2a: Ferrothorn|Thunder Wave|p1a: Giratina-Origin","|-status|p1a: Giratina-Origin|par","|","|-heal|p2a: Ferrothorn|45/232|[from] item: Leftovers","|turn|22","|callback|decision","|chat|Cool Sylveon|wait wut?","|chat|ツTucci|?","|chat|Cool Sylveon|Giratina-Origin used Shadow Ball!","|chat|Cool Sylveon|It's not very effective... The opposing Ferrothorn lost 16% of its health!","|chat|Cool Sylveon|?","|chat|ツTucci|Yea?","|","|move|p2a: Ferrothorn|Power Whip|p1a: Giratina-Origin","|-resisted|p1a: Giratina-Origin","|-damage|p1a: Giratina-Origin|148/326 par","|move|p1a: Giratina-Origin|Substitute|p1a: Giratina-Origin","|-start|p1a: Giratina-Origin|Substitute","|-damage|p1a: Giratina-Origin|67/326 par","|","|-heal|p2a: Ferrothorn|59/232|[from] item: Leftovers","|turn|23","|callback|decision","|chat|ツTucci|What about it?","|chat|Cool Sylveon|Steel nerf?","|","|move|p2a: Ferrothorn|Power Whip|p1a: Giratina-Origin","|-resisted|p1a: Giratina-Origin","|-activate|p1a: Giratina-Origin|Substitute|[damage]","|cant|p1a: Giratina-Origin|par","|","|-heal|p2a: Ferrothorn|73/232|[from] item: Leftovers","|turn|24","|callback|decision","|chat|ツTucci|gen 5 bro","|","|move|p2a: Ferrothorn|Power Whip|p1a: Giratina-Origin","|-resisted|p1a: Giratina-Origin","|-end|p1a: Giratina-Origin|Substitute","|cant|p1a: Giratina-Origin|par","|","|-heal|p2a: Ferrothorn|87/232|[from] item: Leftovers","|turn|25","|callback|decision","|","|move|p2a: Ferrothorn|Power Whip|p1a: Giratina-Origin","|-resisted|p1a: Giratina-Origin","|-damage|p1a: Giratina-Origin|19/326 par","|move|p1a: Giratina-Origin|Dragon Pulse|p2a: Ferrothorn","|-resisted|p2a: Ferrothorn","|-damage|p2a: Ferrothorn|43/232","|","|-heal|p2a: Ferrothorn|57/232|[from] item: Leftovers","|turn|26","|callback|decision","|","|move|p1a: Giratina-Origin|Shadow Sneak|p2a: Ferrothorn","|-resisted|p2a: Ferrothorn","|-damage|p2a: Ferrothorn|39/232","|-damage|p1a: Giratina-Origin|0 fnt|[from] ability: Iron Barbs|[of] p2a: Ferrothorn","|faint|p1a: Giratina-Origin","|move|p2a: Ferrothorn|Power Whip|p1: Giratina-Origin|[notarget]","|-notarget","|","|-heal|p2a: Ferrothorn|53/232|[from] item: Leftovers","|callback|decision","|","|switch|p1a: Phione|Phione, L86|278/278","|-damage|p1a: Phione|244/278|[from] Stealth Rock","|turn|27","|callback|decision","|","|move|p2a: Ferrothorn|Protect|p2a: Ferrothorn","|-singleturn|p2a: Ferrothorn|Protect","|move|p1a: Phione|Ice Beam|p2a: Ferrothorn","|-activate|p2a: Ferrothorn|Protect","|","|-heal|p2a: Ferrothorn|67/232|[from] item: Leftovers","|turn|28","|callback|decision","|","|move|p1a: Phione|Ice Beam|p2a: Ferrothorn","|-damage|p2a: Ferrothorn|10/232","|move|p2a: Ferrothorn|Thunder Wave|p1a: Phione","|-status|p1a: Phione|par","|","|-heal|p2a: Ferrothorn|24/232|[from] item: Leftovers","|turn|29","|callback|decision","|","|move|p2a: Ferrothorn|Power Whip|p1a: Phione","|-supereffective|p1a: Phione","|-damage|p1a: Phione|58/278 par","|move|p1a: Phione|Rain Dance|p1a: Phione","|-weather|RainDance","|","|-weather|RainDance|[upkeep]","|-heal|p2a: Ferrothorn|38/232|[from] item: Leftovers","|-curestatus|p1a: Phione|par","|turn|30","|callback|decision","|","|move|p2a: Ferrothorn|Protect|p2a: Ferrothorn","|-singleturn|p2a: Ferrothorn|Protect","|move|p1a: Phione|Ice Beam|p2a: Ferrothorn","|-activate|p2a: Ferrothorn|Protect","|","|-weather|RainDance|[upkeep]","|-heal|p2a: Ferrothorn|52/232|[from] item: Leftovers","|turn|31","|callback|decision","|","|move|p1a: Phione|Ice Beam|p2a: Ferrothorn","|-damage|p2a: Ferrothorn|0 fnt","|faint|p2a: Ferrothorn","|","|-weather|RainDance|[upkeep]","|callback|decision","|","|switch|p2a: Gazceit|Gazceit, L74, F|218/218","|turn|32","|callback|decision","|","|move|p2a: Gazceit|Wild Charge|p1a: Phione","|-supereffective|p1a: Phione","|-damage|p1a: Phione|0 fnt","|-damage|p2a: Gazceit|203/218|[from] recoil|[of] p1a: Phione","|faint|p1a: Phione","|","|win|ツTucci"],"p1rating":{"entryid":"489206","serverid":"tervari","formatid":"tervarirandombattle","userid":"coolsylveon","username":"Cool Sylveon","w":"3","l":1,"t":"0","gxe":61.2,"r":1807.0287968883,"rd":232.14543112765,"sigma":0.059998017947687,"rptime":1384992000,"rpr":1630.6672036772,"rprd":219.69559858595,"rpsigma":0.060005994704226,"acre":1321.3549936304,"lacre":-3678.6450063696,"oldacre":1479.8590575641,"oldrdacre":1303.4974643529},"p2rating":{"entryid":"607738","serverid":"tervari","formatid":"tervarirandombattle","userid":"tucci","username":"?Tucci","w":1,"l":"1","t":"0","gxe":63.5,"r":1383.3567203807,"rd":286.95191944898,"sigma":0.059998374379333,"rptime":1384992000,"rpr":1664.6630273107,"rprd":263.09522351163,"rpsigma":0.060007263293708,"acre":1294.2479367904,"lacre":-3705.7520632096,"oldacre":979.08706968232,"oldrdacre":1260.3933766123},"endType":"normal"}