{"turns":21,"p1":"haxours King","p2":"team ninja leader","p1team":[{"name":"Golbat","moves":["heatwave","gigadrain","sludgebomb","roost"],"ability":"Infiltrator","evs":{"hp":85,"atk":85,"def":85,"spa":85,"spd":85,"spe":85},"ivs":{"hp":31,"atk":31,"def":31,"spa":31,"spd":31,"spe":31},"item":"Focus Sash","level":86,"shiny":false},{"name":"Witcheance","moves":["calmmind","vendetta","spore","thunderbolt"],"ability":"Serene Grace","evs":{"hp":85,"atk":85,"def":85,"spa":85,"spd":85,"spe":85},"ivs":{"hp":31,"atk":31,"def":31,"spa":31,"spd":31,"spe":31},"item":"Leftovers","level":74,"shiny":false},{"name":"Garchomp","moves":["outrage","firefang","stoneedge","swordsdance"],"ability":"Rough Skin","evs":{"hp":85,"atk":85,"def":85,"spa":85,"spd":85,"spe":85},"ivs":{"hp":31,"atk":31,"def":31,"spa":31,"spd":31,"spe":31},"item":"Leftovers","level":74,"shiny":false},{"name":"Cresselia","moves":["thunderwave","psychic","icebeam","calmmind"],"ability":"Levitate","evs":{"hp":85,"atk":85,"def":85,"spa":85,"spd":85,"spe":85},"ivs":{"hp":31,"atk":31,"def":31,"spa":31,"spd":31,"spe":31},"item":"Leftovers","level":80,"shiny":false},{"name":"Haxorus","moves":["dragondance","outrage","earthquake","superpower"],"ability":"Mold Breaker","evs":{"hp":85,"atk":85,"def":85,"spa":85,"spd":85,"spe":85},"ivs":{"hp":31,"atk":31,"def":31,"spa":31,"spd":31,"spe":31},"item":"Life Orb","level":74,"shiny":false},{"name":"Ho-Oh","moves":["earthquake","sacredfire","roost","substitute"],"ability":"Regenerator","evs":{"hp":85,"atk":85,"def":85,"spa":85,"spd":85,"spe":85},"ivs":{"hp":31,"atk":31,"def":31,"spa":31,"spd":31,"spe":31},"item":"Leftovers","level":70,"shiny":false}],"p2team":[{"name":"Numel","moves":["stockpile","fireblast","flamecharge","rockslide"],"ability":"Simple","evs":{"hp":85,"atk":85,"def":85,"spa":85,"spd":85,"spe":85},"ivs":{"hp":31,"atk":31,"def":31,"spa":31,"spd":31,"spe":31},"item":"Focus Sash","level":95,"shiny":false},{"name":"Witcheance","moves":["destinybond","energyball","vendetta","willowisp"],"ability":"Serene Grace","evs":{"hp":85,"atk":85,"def":85,"spa":85,"spd":85,"spe":85},"ivs":{"hp":31,"atk":31,"def":31,"spa":31,"spd":31,"spe":31},"item":"Leftovers","level":74,"shiny":false},{"name":"Klink","moves":["shiftgear","geargrind","return","wildcharge"],"ability":"Clear Body","evs":{"hp":85,"atk":85,"def":85,"spa":85,"spd":85,"spe":85},"ivs":{"hp":31,"atk":31,"def":31,"spa":31,"spd":31,"spe":31},"item":"Life Orb","level":95,"shiny":false},{"name":"Gothitelle","moves":["shadowball","reflect","psychic","thunderbolt"],"ability":"Shadow Tag","evs":{"hp":85,"atk":85,"def":85,"spa":85,"spd":85,"spe":85},"ivs":{"hp":31,"atk":31,"def":31,"spa":31,"spd":31,"spe":31},"item":"Light Clay","level":76,"shiny":false},{"name":"Skarmory","moves":["stealthrock","spikes","bravebird","roost"],"ability":"Sturdy","evs":{"hp":85,"atk":85,"def":85,"spa":85,"spd":85,"spe":85},"ivs":{"hp":31,"atk":31,"def":31,"spa":31,"spd":31,"spe":31},"item":"Leftovers","level":74,"shiny":false},{"name":"Landorus","moves":["hiddenpowerice","psychic","focusblast","earthpower"],"ability":"Sheer Force","evs":{"hp":85,"atk":85,"def":85,"spa":85,"spd":85,"spe":85},"ivs":{"hp":31,"atk":30,"def":30,"spa":31,"spd":31,"spe":31},"item":"Life Orb","level":74,"shiny":false}],"log":["|player|p1|haxours King|163","|player|p2|team ninja leader|150","|gametype|singles","|tier|Tervari Random Battle","|rated","|rule|Sleep Clause Mod: Limit one foe put to sleep","|rule|HP Percentage Mod: HP is reported as percentages","|","|start","|switch|p1a: Golbat|Golbat, L86, F|269/269","|switch|p2a: Numel|Numel, L95, M|268/268","|turn|1","|callback|decision","|","|move|p1a: Golbat|Heat Wave|p2a: Numel","|-crit|p2a: Numel","|-resisted|p2a: Numel","|-damage|p2a: Numel|193/268","|move|p2a: Numel|Rock Slide|p1a: Golbat","|-supereffective|p1a: Golbat","|-damage|p1a: Golbat|165/269","|","|turn|2","|callback|decision","|","|move|p1a: Golbat|Giga Drain|p2a: Numel","|-damage|p2a: Numel|131/268","|-heal|p1a: Golbat|196/269|[from] drain|[of] p2a: Numel","|move|p2a: Numel|Stockpile|p2a: Numel","|-start|p2a: Numel|stockpile1","|-boost|p2a: Numel|def|2","|-boost|p2a: Numel|spd|2","|","|turn|3","|callback|decision","|chat|haxours King|strat b","|chat|haxours King|lol","|","|move|p1a: Golbat|Heat Wave|p2a: Numel","|-resisted|p2a: Numel","|-damage|p2a: Numel|112/268","|move|p2a: Numel|Rock Slide|p1a: Golbat","|-supereffective|p1a: Golbat","|-damage|p1a: Golbat|92/269","|","|turn|4","|callback|decision","|chat|haxours King|O_O","|chat|haxours King|0-0","|chat|team ninja leader|fire ground stupid","|chat|haxours King|-__-","|chat|haxours King|.______________________.","|chat|haxours King|pssssssssssssss","|chat|team ninja leader|lol","|chat|haxours King|sppppppppppp","|","|switch|p1a: Witcheance|Witcheance, L74, F|217/217","|move|p2a: Numel|Rock Slide|p1a: Witcheance","|-crit|p1a: Witcheance","|-damage|p1a: Witcheance|67/217","|","|-heal|p1a: Witcheance|80/217|[from] item: Leftovers","|turn|5","|callback|decision","|","|move|p1a: Witcheance|Vendetta|p2a: Numel","|-damage|p2a: Numel|22/268","|-activate|p2a: Numel|move: vendetta|rockslide|4","|move|p2a: Numel|Flame Charge|p1a: Witcheance","|-supereffective|p1a: Witcheance","|-damage|p1a: Witcheance|0 fnt","|-boost|p2a: Numel|spe|2","|faint|p1a: Witcheance","|","|callback|decision","|","|switch|p1a: Ho-Oh|Ho-Oh, L70|264/264","|turn|6","|callback|decision","|","|move|p2a: Numel|Rock Slide|p1a: Ho-Oh","|-supereffective|p1a: Ho-Oh","|-damage|p1a: Ho-Oh|24/264","|move|p1a: Ho-Oh|Earthquake|p2a: Numel","|-supereffective|p2a: Numel","|-damage|p2a: Numel|0 fnt","|faint|p2a: Numel","|","|-heal|p1a: Ho-Oh|40/264|[from] item: Leftovers","|callback|decision","|","|switch|p2a: Gothitelle|Gothitelle, L76, F|231/231","|turn|7","|callback|decision","|","|move|p1a: Ho-Oh|Roost|p1a: Ho-Oh","|-heal|p1a: Ho-Oh|172/264","|move|p2a: Gothitelle|Thunderbolt|p1a: Ho-Oh","|-damage|p1a: Ho-Oh|132/264","|","|-heal|p1a: Ho-Oh|148/264|[from] item: Leftovers","|turn|8","|callback|decision","|","|move|p1a: Ho-Oh|Sacred Fire|p2a: Gothitelle","|-damage|p2a: Gothitelle|122/231","|-status|p2a: Gothitelle|brn","|move|p2a: Gothitelle|Reflect|p2a: Gothitelle","|-sidestart|p2: team ninja leader|Reflect","|","|-heal|p1a: Ho-Oh|164/264|[from] item: Leftovers","|-damage|p2a: Gothitelle|94/231 brn|[from] brn","|turn|9","|callback|decision","|","|move|p1a: Ho-Oh|Earthquake|p2a: Gothitelle","|-damage|p2a: Gothitelle|62/231 brn","|move|p2a: Gothitelle|Psychic|p1a: Ho-Oh","|-damage|p1a: Ho-Oh|100/264","|","|-heal|p1a: Ho-Oh|116/264|[from] item: Leftovers","|-damage|p2a: Gothitelle|34/231 brn|[from] brn","|turn|10","|callback|decision","|","|move|p1a: Ho-Oh|Earthquake|p2a: Gothitelle","|-damage|p2a: Gothitelle|1/231 brn","|move|p2a: Gothitelle|Thunderbolt|p1a: Ho-Oh","|-supereffective|p1a: Ho-Oh","|-damage|p1a: Ho-Oh|36/264","|-status|p1a: Ho-Oh|par","|","|-heal|p1a: Ho-Oh|52/264 par|[from] item: Leftovers","|-damage|p2a: Gothitelle|0 fnt|[from] brn","|faint|p2a: Gothitelle","|callback|decision","|","|switch|p2a: Landorus|Landorus, L74, M|254/254","|turn|11","|callback|decision","|","|move|p2a: Landorus|Psychic|p1a: Ho-Oh","|-crit|p1a: Ho-Oh","|-damage|p1a: Ho-Oh|0 fnt","|faint|p1a: Ho-Oh","|","|callback|decision","|","|switch|p1a: Cresselia|Cresselia, L80, F|323/323","|turn|12","|callback|decision","|","|switch|p2a: Witcheance|Witcheance, L74, F|217/217","|move|p1a: Cresselia|Ice Beam|p2a: Witcheance","|-supereffective|p2a: Witcheance","|-damage|p2a: Witcheance|125/217","|","|-heal|p2a: Witcheance|138/217|[from] item: Leftovers","|turn|13","|callback|decision","|","|move|p2a: Witcheance|Vendetta|p1a: Cresselia","|-supereffective|p1a: Cresselia","|-damage|p1a: Cresselia|135/323","|-activate|p1a: Cresselia|move: vendetta|icebeam|4","|move|p1a: Cresselia|Ice Beam|p2a: Witcheance","|-supereffective|p2a: Witcheance","|-damage|p2a: Witcheance|52/217","|","|-heal|p2a: Witcheance|65/217|[from] item: Leftovers","|-heal|p1a: Cresselia|155/323|[from] item: Leftovers","|turn|14","|callback|decision","|chat|haxours King|trackter boy got you in my trackter beam trackter boy","|chat|team ninja leader|no","|chat|haxours King|lol","|","|move|p2a: Witcheance|Vendetta|p1a: Cresselia","|-supereffective|p1a: Cresselia","|-damage|p1a: Cresselia|0 fnt","|-activate|p1a: Cresselia|move: vendetta|icebeam|4","|faint|p1a: Cresselia","|","|-heal|p2a: Witcheance|78/217|[from] item: Leftovers","|callback|decision","|","|switch|p1a: Golbat|Golbat, L86, F|92/269","|turn|15","|callback|decision","|","|move|p1a: Golbat|Heat Wave|p2a: Witcheance","|-supereffective|p2a: Witcheance","|-damage|p2a: Witcheance|0 fnt","|faint|p2a: Witcheance","|","|-sideend|p2: team ninja leader|Reflect","|callback|decision","|","|switch|p2a: Klink|Klink, L95|230/230","|turn|16","|callback|decision","|","|move|p1a: Golbat|Heat Wave|p2a: Klink","|-supereffective|p2a: Klink","|-damage|p2a: Klink|96/230","|move|p2a: Klink|Shift Gear|p2a: Klink","|-boost|p2a: Klink|atk|1","|-boost|p2a: Klink|spe|2","|","|turn|17","|callback|decision","|","|move|p2a: Klink|Wild Charge|p1a: Golbat","|-supereffective|p1a: Golbat","|-damage|p1a: Golbat|0 fnt","|-damage|p2a: Klink|73/230|[from] recoil|[of] p1a: Golbat","|-damage|p2a: Klink|50/230|[from] item: Life Orb","|faint|p1a: Golbat","|","|callback|decision","|","|switch|p1a: Garchomp|Garchomp, L74, M|282/282","|turn|18","|callback|decision","|","|move|p2a: Klink|Return|p1a: Garchomp","|-damage|p1a: Garchomp|161/282","|-damage|p2a: Klink|22/230|[from] ability: Rough Skin|[of] p1a: Garchomp","|-damage|p2a: Klink|0 fnt|[from] item: Life Orb","|faint|p2a: Klink","|move|p1a: Garchomp|Fire Fang|p2: Klink|[notarget]","|-notarget","|","|-heal|p1a: Garchomp|178/282|[from] item: Leftovers","|callback|decision","|","|switch|p2a: Landorus|Landorus, L74, M|254/254","|turn|19","|callback|decision","|","|move|p1a: Garchomp|Stone Edge|p2a: Landorus|[miss]","|-miss|p1a: Garchomp|p2a: Landorus","|move|p2a: Landorus|Hidden Power|p1a: Garchomp","|-supereffective|p1a: Garchomp","|-damage|p1a: Garchomp|0 fnt","|-damage|p2a: Landorus|229/254|[from] item: Life Orb","|faint|p1a: Garchomp","|","|callback|decision","|","|switch|p1a: Haxorus|Haxorus, L74, F|234/234","|-ability|p1a: Haxorus|Mold Breaker","|turn|20","|callback|decision","|","|move|p2a: Landorus|Hidden Power|p1a: Haxorus","|-supereffective|p1a: Haxorus","|-damage|p1a: Haxorus|73/234","|-damage|p2a: Landorus|204/254|[from] item: Life Orb","|move|p1a: Haxorus|Outrage|p2a: Landorus","|-damage|p2a: Landorus|16/254","|-damage|p1a: Haxorus|50/234|[from] item: Life Orb","|","|turn|21","|callback|decision","|","|move|p2a: Landorus|Hidden Power|p1a: Haxorus","|-supereffective|p1a: Haxorus","|-damage|p1a: Haxorus|0 fnt","|-damage|p2a: Landorus|0 fnt|[from] item: Life Orb","|faint|p1a: Haxorus","|faint|p2a: Landorus","|","|win|team ninja leader"],"p1rating":{"entryid":"489207","serverid":"tervari","formatid":"tervarirandombattle","userid":"haxoursking","username":"haxours King","w":"0","l":2,"t":"0","gxe":30,"r":"1337.6891074328","rd":290.50600286916,"sigma":"0.059999269601799","rptime":1384646400,"rpr":1249.3694837893,"rprd":256.47356643065,"rpsigma":0.05999786749617,"acre":888.27710796642,"lacre":-4111.7228920336,"oldacre":928.4188671756,"oldrdacre":840.09924353213},"p2rating":{"entryid":564366,"formatid":"tervarirandombattle","userid":"teamninjaleader","username":"team ninja leader","r":1500,"rd":350,"sigma":0.06,"rpr":1616.6432796193,"rprd":286.95191944898,"rpsigma":0.059998374379333,"gxe":59.5,"rptime":1384646400,"w":1,"l":0,"t":0,"acre":1212.6400453569,"lacre":-3787.3599546431,"oldacre":1007.0121159332,"oldrdacre":1123.6553955524},"endType":"normal"}