{"turns":23,"p1":"Cool Sylveon","p2":"X8bbs9","p1team":[{"name":"Hoppip","moves":["encore","sleeppowder","substitute","leechseed"],"ability":"Leaf Guard","evs":{"hp":85,"atk":85,"def":85,"spa":85,"spd":85,"spe":85},"ivs":{"hp":31,"atk":31,"def":31,"spa":31,"spd":31,"spe":31},"item":"Leftovers","level":99,"shiny":false},{"name":"Wastrield","moves":["calmmind","substitute","psyshock","thunderbolt"],"ability":"Adrenaline","evs":{"hp":85,"atk":85,"def":85,"spa":85,"spd":85,"spe":85},"ivs":{"hp":31,"atk":31,"def":31,"spa":31,"spd":31,"spe":31},"item":"Leftovers","level":74,"shiny":false},{"name":"Arcanine","moves":["morningsun","closecombat","hiddenpowergrass","flareblitz"],"ability":"Intimidate","evs":{"hp":85,"atk":85,"def":85,"spa":85,"spd":85,"spe":85},"ivs":{"hp":31,"atk":30,"def":31,"spa":30,"spd":31,"spe":31},"item":"Air Balloon","level":78,"shiny":false},{"name":"Cresselia","moves":["icebeam","rest","thunderwave","psychic"],"ability":"Levitate","evs":{"hp":85,"atk":85,"def":85,"spa":85,"spd":85,"spe":85},"ivs":{"hp":31,"atk":31,"def":31,"spa":31,"spd":31,"spe":31},"item":"Chesto Berry","level":80,"shiny":false},{"name":"Jellicent","moves":["shadowball","scald","recover","willowisp"],"ability":"Water Absorb","evs":{"hp":85,"atk":85,"def":85,"spa":85,"spd":85,"spe":85},"ivs":{"hp":31,"atk":31,"def":31,"spa":31,"spd":31,"spe":31},"item":"Leftovers","level":74,"shiny":false},{"name":"Heatran","moves":["substitute","willowisp","protect","toxic"],"ability":"Flash Fire","evs":{"hp":85,"atk":85,"def":85,"spa":85,"spd":85,"spe":85},"ivs":{"hp":31,"atk":30,"def":30,"spa":31,"spd":31,"spe":31},"item":"Air Balloon","level":74,"shiny":false}],"p2team":[{"name":"Dratini","moves":["dracometeor","dragondance","extremespeed","outrage"],"ability":"Shed Skin","evs":{"hp":85,"atk":85,"def":85,"spa":85,"spd":85,"spe":85},"ivs":{"hp":31,"atk":31,"def":31,"spa":31,"spd":31,"spe":31},"item":"Life Orb","level":95,"shiny":false},{"name":"Wastrield","moves":["thunderbolt","psyshock","calmmind","substitute"],"ability":"Adrenaline","evs":{"hp":85,"atk":85,"def":85,"spa":85,"spd":85,"spe":85},"ivs":{"hp":31,"atk":31,"def":31,"spa":31,"spd":31,"spe":31},"item":"Leftovers","level":74,"shiny":false},{"name":"Excadrill","moves":["rockslide","rapidspin","ironhead","swordsdance"],"ability":"Mold Breaker","evs":{"hp":85,"atk":85,"def":85,"spa":85,"spd":85,"spe":85},"ivs":{"hp":31,"atk":31,"def":31,"spa":31,"spd":31,"spe":31},"item":"Life Orb","level":78,"shiny":false},{"name":"Arcanine","moves":["closecombat","flareblitz","hiddenpowergrass","wildcharge"],"ability":"Intimidate","evs":{"hp":85,"atk":85,"def":85,"spa":85,"spd":85,"spe":85},"ivs":{"hp":31,"atk":30,"def":31,"spa":30,"spd":31,"spe":31},"item":"Expert Belt","level":78,"shiny":false},{"name":"Walrein","moves":["icebeam","roar","surf","substitute"],"ability":"Ice Body","evs":{"hp":85,"atk":85,"def":85,"spa":85,"spd":85,"spe":85},"ivs":{"hp":31,"atk":31,"def":31,"spa":31,"spd":31,"spe":31},"item":"Leftovers","level":86,"shiny":false},{"name":"Escavalier","moves":["swordsdance","ironhead","return","megahorn"],"ability":"Swarm","evs":{"hp":85,"atk":85,"def":85,"spa":85,"spd":85,"spe":85},"ivs":{"hp":31,"atk":31,"def":31,"spa":31,"spd":31,"spe":31},"item":"Life Orb","level":82,"shiny":false}],"log":["|player|p1|Cool Sylveon|294","|player|p2|X8bbs9|258","|gametype|singles","|tier|Tervari Random Battle","|rated","|rule|Sleep Clause Mod: Limit one foe put to sleep","|rule|HP Percentage Mod: HP is reported as percentages","|","|start","|switch|p1a: Hoppip|Hoppip, L99, M|229/229","|switch|p2a: Dratini|Dratini, L95, M|232/232","|turn|1","|callback|decision","|","|move|p1a: Hoppip|Sleep Powder|p2a: Dratini","|-status|p2a: Dratini|slp","|cant|p2a: Dratini|slp","|","|turn|2","|callback|decision","|","|move|p1a: Hoppip|Leech Seed|p2a: Dratini","|-start|p2a: Dratini|move: Leech Seed","|cant|p2a: Dratini|slp","|","|-damage|p2a: Dratini|203/232 slp|[from] Leech Seed|[of] p1a: Hoppip","|turn|3","|callback|decision","|","|move|p1a: Hoppip|Substitute|p1a: Hoppip","|-start|p1a: Hoppip|Substitute","|-damage|p1a: Hoppip|172/229","|-curestatus|p2a: Dratini|slp","|move|p2a: Dratini|Dragon Dance|p2a: Dratini","|-boost|p2a: Dratini|atk|1","|-boost|p2a: Dratini|spe|1","|","|-heal|p1a: Hoppip|186/229|[from] item: Leftovers","|-damage|p2a: Dratini|174/232|[from] Leech Seed|[of] p1a: Hoppip","|-heal|p1a: Hoppip|215/229|[silent]","|turn|4","|callback|decision","|","|move|p2a: Dratini|Outrage|p1a: Hoppip","|-end|p1a: Hoppip|Substitute","|-damage|p2a: Dratini|151/232|[from] item: Life Orb","|move|p1a: Hoppip|Encore|p2a: Dratini","|-start|p2a: Dratini|Encore","|","|-heal|p1a: Hoppip|229/229|[from] item: Leftovers","|-damage|p2a: Dratini|122/232|[from] Leech Seed|[of] p1a: Hoppip","|turn|5","|callback|decision","|","|move|p2a: Dratini|Outrage|p1a: Hoppip","|-damage|p1a: Hoppip|0 fnt","|-damage|p2a: Dratini|99/232|[from] item: Life Orb","|faint|p1a: Hoppip","|","|callback|decision","|","|switch|p1a: Heatran|Heatran, L74, F|257/257","|-item|p1a: Heatran|Air Balloon","|turn|6","|callback|decision","|","|move|p2a: Dratini|Outrage|p1a: Heatran","|-resisted|p1a: Heatran","|-damage|p1a: Heatran|136/257","|-enditem|p1a: Heatran|Air Balloon","|-damage|p2a: Dratini|76/232|[from] item: Life Orb","|move|p1a: Heatran|Will-O-Wisp|p2a: Dratini|[miss]","|-miss|p1a: Heatran|p2a: Dratini","|","|-end|p2a: Dratini|rampage","|-start|p2a: Dratini|confusion","|-damage|p2a: Dratini|47/232|[from] Leech Seed|[of] p1a: Heatran","|-heal|p1a: Heatran|165/257|[silent]","|turn|7","|callback|decision","|","|-activate|p2a: Dratini|confusion","|move|p2a: Dratini|Outrage|p1a: Heatran","|-resisted|p1a: Heatran","|-damage|p1a: Heatran|44/257","|-damage|p2a: Dratini|24/232|[from] item: Life Orb","|move|p1a: Heatran|Will-O-Wisp|p2a: Dratini","|-status|p2a: Dratini|brn","|","|-damage|p2a: Dratini|0 fnt|[from] Leech Seed|[of] p1a: Heatran","|-heal|p1a: Heatran|68/257|[silent]","|faint|p2a: Dratini","|callback|decision","|","|switch|p2a: Wastrield|Wastrield, L74|248/248","|turn|8","|callback|decision","|","|move|p2a: Wastrield|Thunderbolt|p1a: Heatran","|-crit|p1a: Heatran","|-damage|p1a: Heatran|0 fnt","|faint|p1a: Heatran","|","|callback|decision","|","|switch|p1a: Jellicent|Jellicent, L74, F|270/270","|turn|9","|callback|decision","|","|move|p2a: Wastrield|Calm Mind|p2a: Wastrield","|-boost|p2a: Wastrield|spa|1","|-boost|p2a: Wastrield|spd|1","|move|p1a: Jellicent|Will-O-Wisp|p2a: Wastrield","|-status|p2a: Wastrield|brn","|","|-damage|p2a: Wastrield|217/248 brn|[from] brn","|turn|10","|callback|decision","|chat|X8bbs9|What is this thing? lol","|","|move|p2a: Wastrield|Thunderbolt|p1a: Jellicent","|-supereffective|p1a: Jellicent","|-damage|p1a: Jellicent|72/270","|move|p1a: Jellicent|Shadow Ball|p2a: Wastrield","|-supereffective|p2a: Wastrield","|-damage|p2a: Wastrield|133/248 brn","|","|-heal|p2a: Wastrield|148/248 brn|[from] item: Leftovers","|-heal|p1a: Jellicent|88/270|[from] item: Leftovers","|-damage|p2a: Wastrield|117/248 brn|[from] brn","|turn|11","|callback|decision","|","|switch|p1a: Arcanine|Arcanine, L78, M|268/268","|-ability|p1a: Arcanine|Intimidate|[of] p2a: Wastrield","|-unboost|p2a: Wastrield|atk|1","|-item|p1a: Arcanine|Air Balloon","|move|p2a: Wastrield|Thunderbolt|p1a: Arcanine","|-damage|p1a: Arcanine|145/268","|-enditem|p1a: Arcanine|Air Balloon","|","|-heal|p2a: Wastrield|132/248 brn|[from] item: Leftovers","|-damage|p2a: Wastrield|101/248 brn|[from] brn","|turn|12","|callback|decision","|","|move|p1a: Arcanine|Flare Blitz|p2a: Wastrield","|-damage|p2a: Wastrield|0 fnt","|-damage|p1a: Arcanine|112/268|[from] recoil|[of] p2a: Wastrield","|faint|p2a: Wastrield","|","|callback|decision","|","|switch|p2a: Walrein|Walrein, L86, M|329/329","|turn|13","|callback|decision","|","|move|p1a: Arcanine|Close Combat|p2a: Walrein","|-supereffective|p2a: Walrein","|-damage|p2a: Walrein|185/329","|-unboost|p1a: Arcanine|def|1","|-unboost|p1a: Arcanine|spd|1","|move|p2a: Walrein|Roar|p1a: Arcanine","|drag|p1a: Wastrield|Wastrield, L74|248/248","|","|-heal|p2a: Walrein|205/329|[from] item: Leftovers","|turn|14","|callback|decision","|","|move|p1a: Wastrield|Thunderbolt|p2a: Walrein","|-supereffective|p2a: Walrein","|-damage|p2a: Walrein|65/329","|move|p2a: Walrein|Surf|p1a: Wastrield","|-damage|p1a: Wastrield|137/248","|","|-heal|p1a: Wastrield|152/248|[from] item: Leftovers","|-heal|p2a: Walrein|85/329|[from] item: Leftovers","|turn|15","|callback|decision","|","|move|p1a: Wastrield|Thunderbolt|p2a: Walrein","|-supereffective|p2a: Walrein","|-damage|p2a: Walrein|0 fnt","|faint|p2a: Walrein","|","|-heal|p1a: Wastrield|167/248|[from] item: Leftovers","|callback|decision","|","|switch|p2a: Arcanine|Arcanine, L78, M|268/268","|-ability|p2a: Arcanine|Intimidate|[of] p1a: Wastrield","|-unboost|p1a: Wastrield|atk|1","|turn|16","|callback|decision","|","|move|p2a: Arcanine|Flare Blitz|p1a: Wastrield","|-damage|p1a: Wastrield|44/248","|-damage|p2a: Arcanine|227/268|[from] recoil|[of] p1a: Wastrield","|-status|p1a: Wastrield|brn","|move|p1a: Wastrield|Psyshock|p2a: Arcanine","|-damage|p2a: Arcanine|133/268","|","|-boost|p1a: Wastrield|atk|1|[from] ability: Adrenaline","|-boost|p1a: Wastrield|spa|1|[from] ability: Adrenaline","|-heal|p1a: Wastrield|59/248 brn|[from] item: Leftovers","|-damage|p1a: Wastrield|28/248 brn|[from] brn","|turn|17","|callback|decision","|","|move|p2a: Arcanine|Hidden Power|p1a: Wastrield","|-damage|p1a: Wastrield|0 fnt","|faint|p1a: Wastrield","|","|callback|decision","|","|switch|p1a: Jellicent|Jellicent, L74, F|88/270","|turn|18","|callback|decision","|","|move|p2a: Arcanine|Wild Charge|p1a: Jellicent","|-supereffective|p1a: Jellicent","|-damage|p1a: Jellicent|0 fnt","|-damage|p2a: Arcanine|111/268|[from] recoil|[of] p1a: Jellicent","|faint|p1a: Jellicent","|","|callback|decision","|","|switch|p1a: Cresselia|Cresselia, L80, F|323/323","|turn|19","|callback|decision","|","|move|p2a: Arcanine|Flare Blitz|p1a: Cresselia","|-damage|p1a: Cresselia|218/323","|-damage|p2a: Arcanine|76/268|[from] recoil|[of] p1a: Cresselia","|move|p1a: Cresselia|Thunder Wave|p2a: Arcanine","|-status|p2a: Arcanine|par","|","|turn|20","|callback|decision","|","|move|p1a: Cresselia|Psychic|p2a: Arcanine","|-damage|p2a: Arcanine|0 fnt","|faint|p2a: Arcanine","|","|callback|decision","|","|switch|p2a: Escavalier|Escavalier, L82, F|249/249","|turn|21","|callback|decision","|","|switch|p1a: Arcanine|Arcanine, L78, M|112/268","|-ability|p1a: Arcanine|Intimidate|[of] p2a: Escavalier","|-unboost|p2a: Escavalier|atk|1","|move|p2a: Escavalier|Swords Dance|p2a: Escavalier","|-boost|p2a: Escavalier|atk|2","|","|turn|22","|callback|decision","|","|move|p1a: Arcanine|Flare Blitz|p2a: Escavalier","|-supereffective|p2a: Escavalier","|-damage|p2a: Escavalier|0 fnt","|-damage|p1a: Arcanine|30/268|[from] recoil|[of] p2a: Escavalier","|faint|p2a: Escavalier","|","|callback|decision","|","|switch|p2a: Excadrill|Excadrill, L78, M|300/300","|-ability|p2a: Excadrill|Mold Breaker","|turn|23","|callback|decision","|","|move|p1a: Arcanine|Flare Blitz|p2a: Excadrill","|-supereffective|p2a: Excadrill","|-damage|p2a: Excadrill|0 fnt","|-damage|p1a: Arcanine|0 fnt|[from] recoil|[of] p2a: Excadrill","|faint|p2a: Excadrill","|faint|p1a: Arcanine","|","|win|Cool Sylveon"],"p1rating":{"entryid":"489206","serverid":"tervari","formatid":"tervarirandombattle","userid":"coolsylveon","username":"Cool Sylveon","w":4,"l":"0","t":"0","gxe":79.3,"r":1807.0287968883,"rd":232.37928987411,"sigma":0.059998017947687,"rptime":1385164800,"rpr":1881.9754809317,"rprd":209.09314411445,"rpsigma":0.059996524179716,"acre":1587.5906005429,"lacre":-3412.4093994571,"oldacre":1479.530135895,"oldrdacre":1554.4768199384},"p2rating":{"entryid":"572877","serverid":"tervari","formatid":"tervarirandombattle","userid":"x8bbs9","username":"X8bbs9","w":"1","l":1,"t":"0","gxe":59.2,"r":"1713.0776838218","rd":284.17068229777,"sigma":"0.060000203001931","rptime":1385164800,"rpr":1608.9835063509,"rprd":239.11621198785,"rpsigma":0.059998401741461,"acre":1272.3287692328,"lacre":-3727.6712307672,"oldacre":1312.7211499392,"oldrdacre":1208.6269724684},"endType":"normal"}