{"turns":23,"p1":"Gm87","p2":"Ѕhаdow","p1team":[{"name":"Gligar","moves":["stoneedge","acrobatics","swordsdance","roost"],"ability":"Hyper Cutter","evs":{"hp":85,"atk":85,"def":85,"spa":85,"spd":85,"spe":85},"ivs":{"hp":31,"atk":31,"def":31,"spa":31,"spd":31,"spe":31},"item":"Flying Gem","level":90,"shiny":false},{"name":"Thundurus-Therian","moves":["thunderbolt","nastyplot","grassknot","focusblast"],"ability":"Volt Absorb","evs":{"hp":85,"atk":85,"def":85,"spa":85,"spd":85,"spe":85},"ivs":{"hp":31,"atk":31,"def":31,"spa":31,"spd":31,"spe":31},"item":"Life Orb","level":74,"shiny":false},{"name":"Piloswine","moves":["earthquake","superpower","iceshard","endeavor"],"ability":"Thick Fat","evs":{"hp":85,"atk":85,"def":85,"spa":85,"spd":85,"spe":85},"ivs":{"hp":31,"atk":31,"def":31,"spa":31,"spd":31,"spe":31},"item":"Life Orb","level":86,"shiny":false},{"name":"Shiftry","moves":["suckerpunch","naturepower","seedbomb","nastyplot"],"ability":"Early Bird","evs":{"hp":85,"atk":85,"def":85,"spa":85,"spd":85,"spe":85},"ivs":{"hp":31,"atk":31,"def":31,"spa":31,"spd":31,"spe":31},"item":"Leftovers","level":86,"shiny":false},{"name":"Spiritomb","moves":["darkpulse","pursuit","suckerpunch","rest"],"ability":"Pressure","evs":{"hp":85,"atk":85,"def":85,"spa":85,"spd":85,"spe":85},"ivs":{"hp":31,"atk":31,"def":31,"spa":31,"spd":31,"spe":31},"item":"Chesto Berry","level":82,"shiny":false},{"name":"Chansey","moves":["softboiled","thunderwave","seismictoss","protect"],"ability":"Natural Cure","evs":{"hp":85,"atk":85,"def":85,"spa":85,"spd":85,"spe":85},"ivs":{"hp":31,"atk":31,"def":31,"spa":31,"spd":31,"spe":31},"item":"Leftovers","level":78,"shiny":false}],"p2team":[{"name":"Cubchoo","moves":["icebeam","surf","superpower","hiddenpowergrass"],"ability":"Rattled","evs":{"hp":85,"atk":85,"def":85,"spa":85,"spd":85,"spe":85},"ivs":{"hp":31,"atk":30,"def":31,"spa":30,"spd":31,"spe":31},"item":"Expert Belt","level":95,"shiny":false},{"name":"Probopass","moves":["stealthrock","voltswitch","thunderwave","earthpower"],"ability":"Magnet Pull","evs":{"hp":85,"atk":85,"def":85,"spa":85,"spd":85,"spe":85},"ivs":{"hp":31,"atk":31,"def":31,"spa":31,"spd":31,"spe":31},"item":"Air Balloon","level":86,"shiny":false},{"name":"Castform","moves":["thunder","sunnyday","raindance","hydropump"],"ability":"Forecast","evs":{"hp":85,"atk":85,"def":85,"spa":85,"spd":85,"spe":85},"ivs":{"hp":31,"atk":31,"def":31,"spa":31,"spd":31,"spe":31},"item":"Damp Rock","level":86,"shiny":false},{"name":"Whirlipede","moves":["steamroller","spikes","poisonjab","toxicspikes"],"ability":"Quick Feet","evs":{"hp":85,"atk":85,"def":85,"spa":85,"spd":85,"spe":85},"ivs":{"hp":31,"atk":31,"def":31,"spa":31,"spd":31,"spe":31},"item":"Black Sludge","level":90,"shiny":false},{"name":"Houndoom","moves":["suckerpunch","darkpulse","nastyplot","fireblast"],"ability":"Flash Fire","evs":{"hp":85,"atk":85,"def":85,"spa":85,"spd":85,"spe":85},"ivs":{"hp":31,"atk":31,"def":31,"spa":31,"spd":31,"spe":31},"item":"Life Orb","level":78,"shiny":false},{"name":"Scizor","moves":["bugbite","swordsdance","superpower","batonpass"],"ability":"Technician","evs":{"hp":85,"atk":85,"def":85,"spa":85,"spd":85,"spe":85},"ivs":{"hp":31,"atk":31,"def":31,"spa":31,"spd":31,"spe":31},"item":"Leftovers","level":74,"shiny":false}],"log":["|player|p1|Gm87|170","|player|p2|Ѕhаdow|24","|gametype|singles","|tier|Tervari Random Battle","|rated","|rule|Sleep Clause Mod: Limit one foe put to sleep","|rule|HP Percentage Mod: HP is reported as percentages","|","|start","|switch|p1a: Gligar|Gligar, L90, F|263/263","|switch|p2a: Cubchoo|Cubchoo, L95, F|258/258","|turn|1","|callback|decision","|chat|Gm87|lol","|chat|Ѕhаdow|Woot.","|chat|Ѕhаdow|Goos luck.","|chat|Ѕhаdow|Goos","|chat|Ѕhаdow|Of course.","|chat|Ѕhаdow|*Good","|","|switch|p1a: Piloswine|Piloswine, L86, M|312/312","|move|p2a: Cubchoo|Ice Beam|p1a: Piloswine","|-damage|p1a: Piloswine|255/312","|","|turn|2","|callback|decision","|","|move|p1a: Piloswine|Superpower|p2a: Cubchoo","|-supereffective|p2a: Cubchoo","|-damage|p2a: Cubchoo|0 fnt","|-unboost|p1a: Piloswine|atk|1","|-unboost|p1a: Piloswine|def|1","|-damage|p1a: Piloswine|224/312|[from] item: Life Orb","|faint|p2a: Cubchoo","|","|callback|decision","|chat|Ѕhаdow|Dayum","|chat|Ѕhаdow|.","|","|switch|p2a: Scizor|Scizor, L74, F|226/226","|turn|3","|callback|decision","|chat|Gm87|pigman","|chat|Gm87|pigman powa","|","|switch|p1a: Spiritomb|Spiritomb, L82, M|216/216","|-ability|p1a: Spiritomb|Pressure","|move|p2a: Scizor|Swords Dance|p2a: Scizor","|-boost|p2a: Scizor|atk|2","|","|turn|4","|callback|decision","|chat|Gm87|shit","|chat|Ѕhаdow|Metal bug thingy powah.","|chat|Gm87|oh lord","|","|move|p2a: Scizor|Bug Bite|p1a: Spiritomb","|-damage|p1a: Spiritomb|54/216","|-enditem|p1a: Spiritomb|Chesto Berry|[from] stealeat|[move] Bug Bite|[of] p2a: Scizor","|move|p1a: Spiritomb|Dark Pulse|p2a: Scizor","|-resisted|p2a: Scizor","|-damage|p2a: Scizor|182/226","|","|-heal|p2a: Scizor|196/226|[from] item: Leftovers","|turn|5","|callback|decision","|","|move|p1a: Spiritomb|Sucker Punch|p2a: Scizor","|-resisted|p2a: Scizor","|-damage|p2a: Scizor|157/226","|move|p2a: Scizor|Bug Bite|p1a: Spiritomb","|-damage|p1a: Spiritomb|0 fnt","|faint|p1a: Spiritomb","|","|-heal|p2a: Scizor|171/226|[from] item: Leftovers","|callback|decision","|","|switch|p1a: Thundurus-Therian|Thundurus-Therian, L74, M|239/239","|turn|6","|callback|decision","|","|move|p1a: Thundurus-Therian|Thunderbolt|p2a: Scizor","|-damage|p2a: Scizor|0 fnt","|-damage|p1a: Thundurus-Therian|216/239|[from] item: Life Orb","|faint|p2a: Scizor","|","|callback|decision","|","|switch|p2a: Probopass|Probopass, L86, M|243/243","|-item|p2a: Probopass|Air Balloon","|turn|7","|callback|decision","|","|move|p1a: Thundurus-Therian|Thunderbolt|p2a: Probopass","|-crit|p2a: Probopass","|-damage|p2a: Probopass|55/243","|-enditem|p2a: Probopass|Air Balloon","|-damage|p1a: Thundurus-Therian|193/239|[from] item: Life Orb","|move|p2a: Probopass|Stealth Rock|p1a: Thundurus-Therian","|-sidestart|p1: Gm87|move: Stealth Rock","|","|turn|8","|callback|decision","|","|move|p1a: Thundurus-Therian|Grass Knot|p2a: Probopass","|-crit|p2a: Probopass","|-damage|p2a: Probopass|0 fnt","|-damage|p1a: Thundurus-Therian|170/239|[from] item: Life Orb","|faint|p2a: Probopass","|","|callback|decision","|chat|Gm87|DEM LEAVES","|","|switch|p2a: Whirlipede|Whirlipede, L90, F|218/218","|turn|9","|callback|decision","|","|move|p1a: Thundurus-Therian|Thunderbolt|p2a: Whirlipede","|-damage|p2a: Whirlipede|62/218","|-damage|p1a: Thundurus-Therian|147/239|[from] item: Life Orb","|move|p2a: Whirlipede|Poison Jab|p1a: Thundurus-Therian","|-damage|p1a: Thundurus-Therian|51/239","|-status|p1a: Thundurus-Therian|psn","|","|-heal|p2a: Whirlipede|75/218|[from] item: Black Sludge","|-damage|p1a: Thundurus-Therian|22/239 psn|[from] psn","|turn|10","|callback|decision","|","|move|p1a: Thundurus-Therian|Thunderbolt|p2a: Whirlipede","|-damage|p2a: Whirlipede|0 fnt","|-damage|p1a: Thundurus-Therian|0 fnt|[from] item: Life Orb","|faint|p2a: Whirlipede","|faint|p1a: Thundurus-Therian","|","|callback|decision","|chat|Gm87|asdf;kl","|chat|Ѕhаdow|Yeeaaa.","|chat|Ѕhаdow|I'm so screwed...","|chat|Gm87|faq","|chat|Gm87|lol","|","|switch|p1a: Gligar|Gligar, L90, F|263/263","|-damage|p1a: Gligar|231/263|[from] Stealth Rock","|switch|p2a: Houndoom|Houndoom, L78, F|245/245","|turn|11","|callback|decision","|chat|Gm87|got dat admin swagger","|chat|Gm87|are you sure ur screwed?","|chat|Gm87|how sure","|chat|Ѕhаdow|Yesh.","|chat|Gm87|lets see","|chat|Ѕhаdow|9001% breh.","|","|move|p1a: Gligar|Swords Dance|p1a: Gligar","|-boost|p1a: Gligar|atk|2","|move|p2a: Houndoom|Fire Blast|p1a: Gligar|[miss]","|-miss|p2a: Houndoom|p1a: Gligar","|","|turn|12","|callback|decision","|chat|Ѕhаdow|I said.","|chat|Ѕhаdow|\"Please don't miss.\"","|chat|Ѕhаdow|Houndoom, you ass.","|chat|Gm87|:)","|","|switch|p1a: Shiftry|Shiftry, L86, F|295/295","|-damage|p1a: Shiftry|259/295|[from] Stealth Rock","|move|p2a: Houndoom|Fire Blast|p1a: Shiftry","|-supereffective|p1a: Shiftry","|-damage|p1a: Shiftry|0 fnt","|-damage|p2a: Houndoom|221/245|[from] item: Life Orb","|faint|p1a: Shiftry","|","|callback|decision","|chat|Gm87|oh no","|","|switch|p1a: Piloswine|Piloswine, L86, M|224/312","|-damage|p1a: Piloswine|185/312|[from] Stealth Rock","|turn|13","|callback|decision","|chat|Ѕhаdow|Oh yes.","|chat|Ѕhаdow|Thanx for de switch.","|chat|Ѕhаdow|;3","|","|move|p1a: Piloswine|Ice Shard|p2a: Houndoom","|-resisted|p2a: Houndoom","|-damage|p2a: Houndoom|173/245","|-damage|p1a: Piloswine|154/312|[from] item: Life Orb","|move|p2a: Houndoom|Fire Blast|p1a: Piloswine","|-supereffective|p1a: Piloswine","|-damage|p1a: Piloswine|0 fnt","|-damage|p2a: Houndoom|149/245|[from] item: Life Orb","|faint|p1a: Piloswine","|","|callback|decision","|","|switch|p1a: Chansey|Chansey, L78, F|518/518","|-damage|p1a: Chansey|454/518|[from] Stealth Rock","|turn|14","|callback|decision","|","|move|p2a: Houndoom|Nasty Plot|p2a: Houndoom","|-boost|p2a: Houndoom|spa|2","|move|p1a: Chansey|Seismic Toss|p2a: Houndoom","|-damage|p2a: Houndoom|71/245","|","|-heal|p1a: Chansey|486/518|[from] item: Leftovers","|turn|15","|callback|decision","|","|move|p2a: Houndoom|Sucker Punch|p1a: Chansey","|-damage|p1a: Chansey|178/518","|-damage|p2a: Houndoom|47/245|[from] item: Life Orb","|move|p1a: Chansey|Seismic Toss|p2a: Houndoom","|-damage|p2a: Houndoom|0 fnt","|faint|p2a: Houndoom","|","|-heal|p1a: Chansey|210/518|[from] item: Leftovers","|callback|decision","|","|switch|p2a: Castform|Castform, L86, M|261/261","|turn|16","|callback|decision","|chat|Gm87|im trying to help","|","|move|p2a: Castform|Rain Dance|p2a: Castform","|-weather|RainDance","|-formechange|p2a: Castform|Castform-Rainy","|-message|Castform transformed! (placeholder)","|move|p1a: Chansey|Seismic Toss|p2a: Castform","|-damage|p2a: Castform|183/261","|","|-weather|RainDance|[upkeep]","|-heal|p1a: Chansey|242/518|[from] item: Leftovers","|turn|17","|callback|decision","|","|move|p2a: Castform|Hydro Pump|p1a: Chansey","|-damage|p1a: Chansey|88/518","|move|p1a: Chansey|Thunder Wave|p2a: Castform","|-status|p2a: Castform|par","|","|-weather|RainDance|[upkeep]","|-heal|p1a: Chansey|120/518|[from] item: Leftovers","|turn|18","|callback|decision","|","|move|p1a: Chansey|Seismic Toss|p2a: Castform","|-damage|p2a: Castform|105/261 par","|move|p2a: Castform|Hydro Pump|p1a: Chansey","|-damage|p1a: Chansey|0 fnt","|faint|p1a: Chansey","|","|-weather|RainDance|[upkeep]","|callback|decision","|","|switch|p1a: Gligar|Gligar, L90, F|231/263","|-damage|p1a: Gligar|199/263|[from] Stealth Rock","|turn|19","|callback|decision","|chat|Ѕhаdow|Good game.","|","|move|p1a: Gligar|Roost|p1a: Gligar","|-heal|p1a: Gligar|263/263","|cant|p2a: Castform|par","|","|-weather|RainDance|[upkeep]","|turn|20","|callback|decision","|chat|Gm87|good game","|","|move|p1a: Gligar|Swords Dance|p1a: Gligar","|-boost|p1a: Gligar|atk|2","|move|p2a: Castform|Hydro Pump|p1a: Gligar|[miss]","|-miss|p2a: Castform|p1a: Gligar","|","|-weather|RainDance|[upkeep]","|turn|21","|callback|decision","|chat|Ѕhаdow|:I","|chat|Gm87|COME ON MAN","|","|move|p1a: Gligar|Swords Dance|p1a: Gligar","|-boost|p1a: Gligar|atk|2","|cant|p2a: Castform|par","|","|-weather|RainDance|[upkeep]","|turn|22","|callback|decision","|chat|Ѕhаdow|I can't even.","|","|move|p1a: Gligar|Swords Dance|p1a: Gligar","|-boost|p1a: Gligar|atk|2","|cant|p2a: Castform|par","|","|-weather|RainDance|[upkeep]","|turn|23","|callback|decision","|chat|Gm87|fuck this","|chat|Ѕhаdow|._.'","|","|move|p1a: Gligar|Acrobatics|p2a: Castform","|-enditem|p1a: Gligar|Flying Gem|[from] gem|[move] Acrobatics","|-damage|p2a: Castform|0 fnt","|faint|p2a: Castform","|","|win|Gm87"],"p1rating":{"entryid":738818,"formatid":"tervarirandombattle","userid":"gm87","username":"Gm87","r":1500,"rd":350,"sigma":0.06,"rpr":1723.2272624054,"rprd":266.96766118899,"rpsigma":0.059999908139364,"gxe":67.9,"rptime":1385337600,"w":1,"l":0,"t":0,"acre":1347.3601179342,"lacre":-3652.6398820658,"oldacre":1007.0121159332,"oldrdacre":1230.2393783385},"p2rating":{"entryid":"193979","serverid":"tervari","formatid":"tervarirandombattle","userid":"hdow","username":"?h?dow","w":"5","l":3,"t":"0","gxe":53.3,"r":"1602.3839414306","rd":178.62386230869,"sigma":"0.059995482632595","rptime":1385337600,"rpr":1536.2814436328,"rprd":169.50807337429,"rpsigma":0.05999645495409,"acre":1297.6288846665,"lacre":-3702.3711153335,"oldacre":1350.4694247957,"oldrdacre":1284.3669269978},"endType":"normal"}