{"turns":37,"p1":"forwardrewind","p2":"pokemonswag123455","p1team":[{"name":"Oddish","moves":["toxic","leechseed","synthesis","sludgebomb"],"ability":"Chlorophyll","evs":{"hp":85,"atk":85,"def":85,"spa":85,"spd":85,"spe":85},"ivs":{"hp":31,"atk":31,"def":31,"spa":31,"spd":31,"spe":31},"item":"Focus Sash","level":95,"shiny":false},{"name":"Anorith","moves":["xscissor","toxic","brickbreak","rockslide"],"ability":"Battle Armor","evs":{"hp":85,"atk":85,"def":85,"spa":85,"spd":85,"spe":85},"ivs":{"hp":31,"atk":31,"def":31,"spa":31,"spd":31,"spe":31},"item":"Life Orb","level":95,"shiny":false},{"name":"Dusknoir","moves":["willowisp","substitute","painsplit","shadowsneak"],"ability":"Pressure","evs":{"hp":85,"atk":85,"def":85,"spa":85,"spd":85,"spe":85},"ivs":{"hp":31,"atk":31,"def":31,"spa":31,"spd":31,"spe":31},"item":"Leftovers","level":82,"shiny":false},{"name":"Moltres","moves":["hurricane","willowisp","substitute","roost"],"ability":"Flame Body","evs":{"hp":85,"atk":85,"def":85,"spa":85,"spd":85,"spe":85},"ivs":{"hp":31,"atk":31,"def":31,"spa":31,"spd":31,"spe":31},"item":"Leftovers","level":82,"shiny":false},{"name":"Politoed","moves":["hiddenpowergrass","hypnosis","icebeam","hydropump"],"ability":"Drizzle","evs":{"hp":85,"atk":85,"def":85,"spa":85,"spd":85,"spe":85},"ivs":{"hp":31,"atk":30,"def":31,"spa":30,"spd":31,"spe":31},"item":"Life Orb","level":74,"shiny":false},{"name":"Accelgor","moves":["focusblast","gigadrain","yawn","spikes"],"ability":"Unburden","evs":{"hp":85,"atk":85,"def":85,"spa":85,"spd":85,"spe":85},"ivs":{"hp":31,"atk":31,"def":30,"spa":31,"spd":30,"spe":30},"item":"Grass Gem","level":82,"shiny":false}],"p2team":[{"name":"Duosion","moves":["trickroom","psyshock","recover","shadowball"],"ability":"Magic Guard","evs":{"hp":85,"atk":85,"def":85,"spa":85,"spd":85,"spe":0},"ivs":{"hp":31,"atk":31,"def":31,"spa":31,"spd":31,"spe":0},"item":"Life Orb","level":90,"shiny":false},{"name":"Golduck","moves":["hydropump","focusblast","icebeam","hiddenpowergrass"],"ability":"Cloud Nine","evs":{"hp":85,"atk":85,"def":85,"spa":85,"spd":85,"spe":85},"ivs":{"hp":31,"atk":30,"def":31,"spa":30,"spd":31,"spe":31},"item":"Choice Specs","level":86,"shiny":false},{"name":"Dugtrio","moves":["stoneedge","reversal","suckerpunch","earthquake"],"ability":"Arena Trap","evs":{"hp":85,"atk":85,"def":85,"spa":85,"spd":85,"spe":85},"ivs":{"hp":31,"atk":31,"def":31,"spa":31,"spd":31,"spe":31},"item":"Focus Sash","level":74,"shiny":false},{"name":"Furret","moves":["return","trick","suckerpunch","icepunch"],"ability":"Keen Eye","evs":{"hp":85,"atk":85,"def":85,"spa":85,"spd":85,"spe":85},"ivs":{"hp":31,"atk":31,"def":31,"spa":31,"spd":31,"spe":31},"item":"Choice Scarf","level":86,"shiny":false},{"name":"Kyurem-White","moves":["fusionflare","icebeam","roost","earthpower"],"ability":"Turboblaze","evs":{"hp":85,"atk":85,"def":85,"spa":85,"spd":85,"spe":85},"ivs":{"hp":31,"atk":31,"def":31,"spa":31,"spd":31,"spe":31},"item":"Leftovers","level":70,"shiny":false},{"name":"Latios","moves":["dragonpulse","thunderbolt","surf","roost"],"ability":"Levitate","evs":{"hp":85,"atk":85,"def":85,"spa":85,"spd":85,"spe":85},"ivs":{"hp":31,"atk":31,"def":31,"spa":31,"spd":31,"spe":31},"item":"Leftovers","level":74,"shiny":false}],"log":["|player|p1|forwardrewind|101","|player|p2|pokemonswag123455|101","|gametype|singles","|tier|Tervari Random Battle","|rated","|rule|Sleep Clause Mod: Limit one foe put to sleep","|rule|HP Percentage Mod: HP is reported as percentages","|","|start","|switch|p1a: Oddish|Oddish, L95, M|239/239","|switch|p2a: Duosion|Duosion, L90, F|263/263","|turn|1","|callback|decision","|chat|forwardrewind|http://play.pokemonshowdown.com/battle-pokebankoubeta-63093679","|chat|pokemonswag123455|gl","|chat|forwardrewind|I won an OU battle with Hoppip","|chat|forwardrewind|HF","|","|switch|p1a: Accelgor|Accelgor, L82, F|265/265","|move|p2a: Duosion|Psyshock|p1a: Accelgor","|-damage|p1a: Accelgor|0 fnt","|faint|p1a: Accelgor","|","|callback|decision","|chat|pokemonswag123455|Cool","|","|switch|p1a: Politoed|Politoed, L74, F|255/255","|-weather|RainDance|[from] ability: Drizzle|[of] p1a: Politoed","|turn|2","|callback|decision","|","|switch|p2a: Golduck|Golduck, L86, M|278/278","|-message|The effects of weather disappeared. (placeholder)","|move|p1a: Politoed|Hydro Pump|p2a: Golduck","|-resisted|p2a: Golduck","|-damage|p2a: Golduck|214/278","|-damage|p1a: Politoed|230/255|[from] item: Life Orb","|","|-weather|RainDance|[upkeep]","|turn|3","|callback|decision","|","|move|p2a: Golduck|Hidden Power|p1a: Politoed","|-supereffective|p1a: Politoed","|-damage|p1a: Politoed|84/255","|move|p1a: Politoed|Hidden Power|p2a: Golduck","|-supereffective|p2a: Golduck","|-damage|p2a: Golduck|113/278","|-damage|p1a: Politoed|59/255|[from] item: Life Orb","|","|-weather|RainDance|[upkeep]","|turn|4","|callback|decision","|","|move|p2a: Golduck|Hidden Power|p1a: Politoed","|-supereffective|p1a: Politoed","|-damage|p1a: Politoed|0 fnt","|faint|p1a: Politoed","|","|-weather|RainDance|[upkeep]","|callback|decision","|","|switch|p1a: Oddish|Oddish, L95, M|239/239","|turn|5","|callback|decision","|","|switch|p2a: Duosion|Duosion, L90, F|263/263","|move|p1a: Oddish|Leech Seed|p2a: Duosion","|-start|p2a: Duosion|move: Leech Seed","|","|-weather|RainDance|[upkeep]","|turn|6","|callback|decision","|","|switch|p1a: Anorith|Anorith, L95, M|239/239","|move|p2a: Duosion|Psyshock|p1a: Anorith","|-damage|p1a: Anorith|47/239","|","|-weather|RainDance|[upkeep]","|turn|7","|callback|decision","|","|move|p1a: Anorith|X-Scissor|p2a: Duosion","|-supereffective|p2a: Duosion","|-damage|p2a: Duosion|0 fnt","|-damage|p1a: Anorith|24/239|[from] item: Life Orb","|faint|p2a: Duosion","|","|-weather|RainDance|[upkeep]","|callback|decision","|","|switch|p2a: Furret|Furret, L86, F|286/286","|turn|8","|callback|decision","|","|move|p2a: Furret|Ice Punch|p1a: Anorith","|-damage|p1a: Anorith|0 fnt","|faint|p1a: Anorith","|","|-weather|RainDance|[upkeep]","|callback|decision","|","|switch|p1a: Moltres|Moltres, L82|282/282","|turn|9","|callback|decision","|","|switch|p2a: Latios|Latios, L74, M|240/240","|move|p1a: Moltres|Will-O-Wisp|p2a: Latios","|-status|p2a: Latios|brn","|","|-weather|RainDance|[upkeep]","|-damage|p2a: Latios|210/240 brn|[from] brn","|turn|10","|callback|decision","|","|move|p2a: Latios|Surf|p1a: Moltres","|-supereffective|p1a: Moltres","|-damage|p1a: Moltres|74/282","|move|p1a: Moltres|Hurricane|p2a: Latios","|-damage|p2a: Latios|81/240 brn","|","|-weather|RainDance|[upkeep]","|-heal|p2a: Latios|96/240 brn|[from] item: Leftovers","|-heal|p1a: Moltres|91/282|[from] item: Leftovers","|-damage|p2a: Latios|66/240 brn|[from] brn","|turn|11","|callback|decision","|","|switch|p1a: Oddish|Oddish, L95, M|239/239","|move|p2a: Latios|Surf|p1a: Oddish","|-resisted|p1a: Oddish","|-damage|p1a: Oddish|183/239","|","|-weather|RainDance|[upkeep]","|-heal|p2a: Latios|81/240 brn|[from] item: Leftovers","|-damage|p2a: Latios|51/240 brn|[from] brn","|turn|12","|callback|decision","|","|move|p2a: Latios|Roost|p2a: Latios","|-heal|p2a: Latios|171/240 brn","|move|p1a: Oddish|Sludge Bomb|p2a: Latios","|-damage|p2a: Latios|68/240 brn","|","|-weather|RainDance|[upkeep]","|-heal|p2a: Latios|83/240 brn|[from] item: Leftovers","|-damage|p2a: Latios|53/240 brn|[from] brn","|turn|13","|callback|decision","|","|switch|p2a: Furret|Furret, L86, F|286/286","|move|p1a: Oddish|Leech Seed|p2a: Furret","|-start|p2a: Furret|move: Leech Seed","|","|-weather|RainDance|[upkeep]","|-damage|p2a: Furret|251/286|[from] Leech Seed|[of] p1a: Oddish","|-heal|p1a: Oddish|218/239|[silent]","|turn|14","|callback|decision","|","|move|p2a: Furret|Return|p1a: Oddish","|-damage|p1a: Oddish|101/239","|move|p1a: Oddish|Toxic|p2a: Furret","|-status|p2a: Furret|tox","|","|-weather|RainDance|[upkeep]","|-damage|p2a: Furret|216/286 tox|[from] Leech Seed|[of] p1a: Oddish","|-heal|p1a: Oddish|136/239|[silent]","|-damage|p2a: Furret|199/286 tox|[from] psn","|turn|15","|callback|decision","|","|move|p2a: Furret|Return|p1a: Oddish","|-damage|p1a: Oddish|19/239","|move|p1a: Oddish|Synthesis|p1a: Oddish","|-heal|p1a: Oddish|79/239","|","|-weather|RainDance|[upkeep]","|-damage|p2a: Furret|164/286 tox|[from] Leech Seed|[of] p1a: Oddish","|-heal|p1a: Oddish|114/239|[silent]","|-damage|p2a: Furret|130/286 tox|[from] psn","|turn|16","|callback|decision","|","|move|p2a: Furret|Return|p1a: Oddish","|-damage|p1a: Oddish|5/239","|move|p1a: Oddish|Synthesis|p1a: Oddish","|-heal|p1a: Oddish|65/239","|","|-weather|RainDance|[upkeep]","|-damage|p2a: Furret|95/286 tox|[from] Leech Seed|[of] p1a: Oddish","|-heal|p1a: Oddish|100/239|[silent]","|-damage|p2a: Furret|44/286 tox|[from] psn","|turn|17","|callback|decision","|","|move|p2a: Furret|Return|p1a: Oddish","|-damage|p1a: Oddish|0 fnt","|faint|p1a: Oddish","|","|-weather|RainDance|[upkeep]","|-damage|p2a: Furret|0 fnt|[from] psn","|faint|p2a: Furret","|callback|decision","|","|switch|p1a: Moltres|Moltres, L82|91/282","|switch|p2a: Golduck|Golduck, L86, M|113/278","|-message|The effects of weather disappeared. (placeholder)","|turn|18","|callback|decision","|","|move|p1a: Moltres|Hurricane|p2a: Golduck","|-damage|p2a: Golduck|0 fnt","|faint|p2a: Golduck","|","|-weather|RainDance|[upkeep]","|-heal|p1a: Moltres|108/282|[from] item: Leftovers","|callback|decision","|","|switch|p2a: Latios|Latios, L74, M|53/240 brn","|turn|19","|callback|decision","|","|move|p2a: Latios|Surf|p1a: Moltres","|-supereffective|p1a: Moltres","|-damage|p1a: Moltres|0 fnt","|faint|p1a: Moltres","|","|-weather|RainDance|[upkeep]","|-heal|p2a: Latios|68/240 brn|[from] item: Leftovers","|-damage|p2a: Latios|38/240 brn|[from] brn","|callback|decision","|","|switch|p1a: Dusknoir|Dusknoir, L82, F|208/208","|-ability|p1a: Dusknoir|Pressure","|turn|20","|callback|decision","|","|move|p1a: Dusknoir|Shadow Sneak|p2a: Latios","|-supereffective|p2a: Latios","|-damage|p2a: Latios|0 fnt","|faint|p2a: Latios","|","|-weather|RainDance|[upkeep]","|callback|decision","|","|switch|p2a: Dugtrio|Dugtrio, L74, F|174/174","|turn|21","|callback|decision","|","|move|p2a: Dugtrio|Sucker Punch|p1a: Dusknoir","|-fail|p1a: Dusknoir","|move|p1a: Dusknoir|Will-O-Wisp|p2a: Dugtrio","|-status|p2a: Dugtrio|brn","|","|-weather|RainDance|[upkeep]","|-damage|p2a: Dugtrio|153/174 brn|[from] brn","|turn|22","|callback|decision","|","|move|p2a: Dugtrio|Stone Edge|p1a: Dusknoir","|-damage|p1a: Dusknoir|189/208","|move|p1a: Dusknoir|Substitute|p1a: Dusknoir","|-start|p1a: Dusknoir|Substitute","|-damage|p1a: Dusknoir|137/208","|","|-weather|RainDance|[upkeep]","|-heal|p1a: Dusknoir|150/208|[from] item: Leftovers","|-damage|p2a: Dugtrio|132/174 brn|[from] brn","|turn|23","|callback|decision","|","|move|p2a: Dugtrio|Earthquake|p1a: Dusknoir","|-activate|p1a: Dusknoir|Substitute|[damage]","|move|p1a: Dusknoir|Pain Split|p2a: Dugtrio","|-sethp|p2a: Dugtrio|141/174 brn|p1a: Dusknoir|141/208|[from] move: Pain Split","|","|-weather|RainDance|[upkeep]","|-heal|p1a: Dusknoir|154/208|[from] item: Leftovers","|-damage|p2a: Dugtrio|120/174 brn|[from] brn","|turn|24","|callback|decision","|","|move|p1a: Dusknoir|Shadow Sneak|p2a: Dugtrio","|-damage|p2a: Dugtrio|54/174 brn","|move|p2a: Dugtrio|Earthquake|p1a: Dusknoir","|-end|p1a: Dusknoir|Substitute","|","|-weather|RainDance|[upkeep]","|-heal|p1a: Dusknoir|167/208|[from] item: Leftovers","|-damage|p2a: Dugtrio|33/174 brn|[from] brn","|turn|25","|callback|decision","|","|move|p2a: Dugtrio|Earthquake|p1a: Dusknoir","|-damage|p1a: Dusknoir|139/208","|move|p1a: Dusknoir|Substitute|p1a: Dusknoir","|-start|p1a: Dusknoir|Substitute","|-damage|p1a: Dusknoir|87/208","|","|-weather|RainDance|[upkeep]","|-heal|p1a: Dusknoir|100/208|[from] item: Leftovers","|-damage|p2a: Dugtrio|12/174 brn|[from] brn","|turn|26","|callback|decision","|","|move|p1a: Dusknoir|Shadow Sneak|p2a: Dugtrio","|-damage|p2a: Dugtrio|0 fnt","|faint|p2a: Dugtrio","|","|-weather|RainDance|[upkeep]","|-heal|p1a: Dusknoir|113/208|[from] item: Leftovers","|callback|decision","|","|switch|p2a: Kyurem-White|Kyurem-White, L70|291/291","|-ability|p2a: Kyurem-White|Turboblaze","|turn|27","|callback|decision","|","|move|p2a: Kyurem-White|Ice Beam|p1a: Dusknoir","|-end|p1a: Dusknoir|Substitute","|move|p1a: Dusknoir|Pain Split|p2a: Kyurem-White","|-sethp|p2a: Kyurem-White|202/291|p1a: Dusknoir|202/208|[from] move: Pain Split","|","|-weather|RainDance|[upkeep]","|-heal|p2a: Kyurem-White|220/291|[from] item: Leftovers","|-heal|p1a: Dusknoir|208/208|[from] item: Leftovers","|turn|28","|callback|decision","|","|move|p2a: Kyurem-White|Fusion Flare|p1a: Dusknoir","|-damage|p1a: Dusknoir|178/208","|move|p1a: Dusknoir|Will-O-Wisp|p2a: Kyurem-White","|-status|p2a: Kyurem-White|brn","|","|-weather|RainDance|[upkeep]","|-heal|p2a: Kyurem-White|238/291 brn|[from] item: Leftovers","|-heal|p1a: Dusknoir|191/208|[from] item: Leftovers","|-damage|p2a: Kyurem-White|202/291 brn|[from] brn","|turn|29","|callback|decision","|","|move|p1a: Dusknoir|Shadow Sneak|p2a: Kyurem-White","|-damage|p2a: Kyurem-White|156/291 brn","|move|p2a: Kyurem-White|Earth Power|p1a: Dusknoir","|-crit|p1a: Dusknoir","|-damage|p1a: Dusknoir|84/208","|","|-weather|RainDance|[upkeep]","|-heal|p2a: Kyurem-White|174/291 brn|[from] item: Leftovers","|-heal|p1a: Dusknoir|97/208|[from] item: Leftovers","|-damage|p2a: Kyurem-White|138/291 brn|[from] brn","|turn|30","|callback|decision","|","|move|p1a: Dusknoir|Shadow Sneak|p2a: Kyurem-White","|-damage|p2a: Kyurem-White|84/291 brn","|move|p2a: Kyurem-White|Roost|p2a: Kyurem-White","|-heal|p2a: Kyurem-White|230/291 brn","|","|-weather|RainDance|[upkeep]","|-heal|p2a: Kyurem-White|248/291 brn|[from] item: Leftovers","|-heal|p1a: Dusknoir|110/208|[from] item: Leftovers","|-damage|p2a: Kyurem-White|212/291 brn|[from] brn","|turn|31","|callback|decision","|","|move|p2a: Kyurem-White|Roost|p2a: Kyurem-White","|-heal|p2a: Kyurem-White|291/291 brn","|move|p1a: Dusknoir|Pain Split|p2a: Kyurem-White","|-sethp|p2a: Kyurem-White|200/291 brn|p1a: Dusknoir|200/208|[from] move: Pain Split","|","|-weather|RainDance|[upkeep]","|-heal|p2a: Kyurem-White|218/291 brn|[from] item: Leftovers","|-heal|p1a: Dusknoir|208/208|[from] item: Leftovers","|-damage|p2a: Kyurem-White|182/291 brn|[from] brn","|turn|32","|callback|decision","|","|move|p1a: Dusknoir|Shadow Sneak|p2a: Kyurem-White","|-damage|p2a: Kyurem-White|130/291 brn","|move|p2a: Kyurem-White|Earth Power|p1a: Dusknoir","|-damage|p1a: Dusknoir|153/208","|","|-weather|RainDance|[upkeep]","|-heal|p2a: Kyurem-White|148/291 brn|[from] item: Leftovers","|-heal|p1a: Dusknoir|166/208|[from] item: Leftovers","|-damage|p2a: Kyurem-White|112/291 brn|[from] brn","|turn|33","|callback|decision","|","|move|p1a: Dusknoir|Shadow Sneak|p2a: Kyurem-White","|-damage|p2a: Kyurem-White|63/291 brn","|move|p2a: Kyurem-White|Roost|p2a: Kyurem-White","|-heal|p2a: Kyurem-White|209/291 brn","|","|-weather|RainDance|[upkeep]","|-heal|p2a: Kyurem-White|227/291 brn|[from] item: Leftovers","|-heal|p1a: Dusknoir|179/208|[from] item: Leftovers","|-damage|p2a: Kyurem-White|191/291 brn|[from] brn","|turn|34","|callback|decision","|","|move|p1a: Dusknoir|Shadow Sneak|p2a: Kyurem-White","|-damage|p2a: Kyurem-White|140/291 brn","|move|p2a: Kyurem-White|Roost|p2a: Kyurem-White","|-heal|p2a: Kyurem-White|286/291 brn","|","|-weather|RainDance|[upkeep]","|-heal|p2a: Kyurem-White|291/291 brn|[from] item: Leftovers","|-heal|p1a: Dusknoir|192/208|[from] item: Leftovers","|-damage|p2a: Kyurem-White|255/291 brn|[from] brn","|turn|35","|callback|decision","|chat|forwardrewind|battle of the stall","|","|move|p1a: Dusknoir|Shadow Sneak|p2a: Kyurem-White","|-damage|p2a: Kyurem-White|210/291 brn","|move|p2a: Kyurem-White|Ice Beam|p1a: Dusknoir","|-damage|p1a: Dusknoir|113/208","|-status|p1a: Dusknoir|frz","|","|-weather|RainDance|[upkeep]","|-heal|p2a: Kyurem-White|228/291 brn|[from] item: Leftovers","|-heal|p1a: Dusknoir|126/208 frz|[from] item: Leftovers","|-damage|p2a: Kyurem-White|192/291 brn|[from] brn","|turn|36","|callback|decision","|chat|pokemonswag123455|Yes","|chat|forwardrewind|-.-","|","|move|p2a: Kyurem-White|Ice Beam|p1a: Dusknoir","|-damage|p1a: Dusknoir|41/208 frz","|cant|p1a: Dusknoir|frz","|","|-weather|RainDance|[upkeep]","|-heal|p2a: Kyurem-White|210/291 brn|[from] item: Leftovers","|-heal|p1a: Dusknoir|54/208 frz|[from] item: Leftovers","|-damage|p2a: Kyurem-White|174/291 brn|[from] brn","|turn|37","|callback|decision","|chat|forwardrewind|gg","|chat|pokemonswag123455|gg","|","|move|p2a: Kyurem-White|Ice Beam|p1a: Dusknoir","|-damage|p1a: Dusknoir|0 fnt","|faint|p1a: Dusknoir","|","|win|pokemonswag123455"],"p1rating":{"entryid":"572388","serverid":"tervari","formatid":"tervarirandombattle","userid":"forwardrewind","username":"forwardrewind","w":"0","l":2,"t":"0","gxe":30.2,"r":"1500","rd":"350","sigma":"0.06","rptime":"1384646400","rpr":1252.681927663,"rprd":253.40460264092,"rpsigma":0.060000168996484,"acre":895.91038474922,"lacre":-4104.0896152508,"oldacre":928.9453706669,"oldrdacre":843.93819089715},"p2rating":{"entryid":572530,"formatid":"tervarirandombattle","userid":"pokemonswag123455","username":"pokemonswag123455","r":1500,"rd":350,"sigma":0.06,"rpr":1616.641918996,"rprd":286.92720385761,"rpsigma":0.059998373495221,"gxe":59.5,"rptime":1384646400,"w":1,"l":0,"t":0,"acre":1212.6734821271,"lacre":-3787.3265178729,"oldacre":1007.0121159332,"oldrdacre":1123.6540349291},"endType":"normal"}