{"turns":26,"p1":"dat laxus","p2":"forwardrewind","p1team":[{"name":"Zubat","moves":["uturn","acrobatics","gigadrain","sludgebomb"],"ability":"Inner Focus","evs":{"hp":85,"atk":85,"def":85,"spa":85,"spd":85,"spe":85},"ivs":{"hp":31,"atk":31,"def":31,"spa":31,"spd":31,"spe":31},"item":"Flying Gem","level":95,"shiny":false},{"name":"Vulpix","moves":["fireblast","energyball","substitute","hypnosis"],"ability":"Drought","evs":{"hp":85,"atk":85,"def":85,"spa":85,"spd":85,"spe":85},"ivs":{"hp":31,"atk":31,"def":31,"spa":31,"spd":31,"spe":31},"item":"Leftovers","level":95,"shiny":false},{"name":"Palkia","moves":["dracometeor","outrage","spacialrend","fireblast"],"ability":"Pressure","evs":{"hp":85,"atk":85,"def":85,"spa":85,"spd":85,"spe":85},"ivs":{"hp":31,"atk":31,"def":31,"spa":31,"spd":31,"spe":31},"item":"Leftovers","level":70,"shiny":false},{"name":"Exploud","moves":["overheat","icebeam","surf","hypervoice"],"ability":"Scrappy","evs":{"hp":85,"atk":85,"def":85,"spa":85,"spd":85,"spe":85},"ivs":{"hp":31,"atk":31,"def":31,"spa":31,"spd":31,"spe":31},"item":"Choice Specs","level":86,"shiny":false},{"name":"Escavalier","moves":["swordsdance","megahorn","ironhead","return"],"ability":"Swarm","evs":{"hp":85,"atk":85,"def":85,"spa":85,"spd":85,"spe":85},"ivs":{"hp":31,"atk":31,"def":31,"spa":31,"spd":31,"spe":31},"item":"Life Orb","level":82,"shiny":false},{"name":"Poliwrath","moves":["rest","sleeptalk","substitute","toxic"],"ability":"Water Absorb","evs":{"hp":85,"atk":85,"def":85,"spa":85,"spd":85,"spe":85},"ivs":{"hp":31,"atk":31,"def":31,"spa":31,"spd":31,"spe":31},"item":"Leftovers","level":82,"shiny":false}],"p2team":[{"name":"Frillish","moves":["recover","scald","shadowball","toxic"],"ability":"Water Absorb","evs":{"hp":85,"atk":85,"def":85,"spa":85,"spd":85,"spe":85},"ivs":{"hp":31,"atk":31,"def":31,"spa":31,"spd":31,"spe":31},"item":"Focus Sash","level":95,"shiny":false},{"name":"Ludicolo","moves":["icebeam","raindance","scald","gigadrain"],"ability":"Swift Swim","evs":{"hp":85,"atk":85,"def":85,"spa":85,"spd":85,"spe":85},"ivs":{"hp":31,"atk":31,"def":31,"spa":31,"spd":31,"spe":31},"item":"Damp Rock","level":86,"shiny":false},{"name":"Rotom-Frost","moves":["substitute","rest","thunderbolt","trick"],"ability":"Levitate","evs":{"hp":85,"atk":85,"def":85,"spa":85,"spd":85,"spe":85},"ivs":{"hp":31,"atk":31,"def":31,"spa":31,"spd":31,"spe":31},"item":"Choice Scarf","level":86,"shiny":false},{"name":"Steelix","moves":["earthquake","ironhead","firefang","stealthrock"],"ability":"Sheer Force","evs":{"hp":85,"atk":85,"def":85,"spa":85,"spd":85,"spe":85},"ivs":{"hp":31,"atk":31,"def":31,"spa":31,"spd":31,"spe":31},"item":"Life Orb","level":82,"shiny":false},{"name":"Ninetales","moves":["willowisp","hypnosis","painsplit","flamethrower"],"ability":"Drought","evs":{"hp":85,"atk":85,"def":85,"spa":85,"spd":85,"spe":85},"ivs":{"hp":31,"atk":31,"def":31,"spa":31,"spd":31,"spe":31},"item":"Air Balloon","level":78,"shiny":false},{"name":"Arceus-Bug","moves":["judgment","recover","icebeam","fireblast"],"ability":"Multitype","evs":{"hp":85,"atk":85,"def":85,"spa":85,"spd":85,"spe":85},"ivs":{"hp":31,"atk":31,"def":31,"spa":31,"spd":31,"spe":31},"item":"Insect Plate","level":70,"shiny":false}],"log":["|player|p1|dat laxus|144","|player|p2|forwardrewind|101","|gametype|singles","|tier|Tervari Random Battle","|rated","|rule|Sleep Clause Mod: Limit one foe put to sleep","|rule|HP Percentage Mod: HP is reported as percentages","|","|start","|switch|p1a: Zubat|Zubat, L95, F|230/230","|switch|p2a: Frillish|Frillish, L95, F|258/258","|turn|1","|callback|decision","|","|move|p1a: Zubat|Acrobatics|p2a: Frillish","|-enditem|p1a: Zubat|Flying Gem|[from] gem|[move] Acrobatics","|-damage|p2a: Frillish|78/258","|move|p2a: Frillish|Scald|p1a: Zubat","|-damage|p1a: Zubat|101/230","|","|turn|2","|callback|decision","|","|switch|p2a: Steelix|Steelix, L82, F|257/257","|move|p1a: Zubat|Giga Drain|p2a: Steelix","|-crit|p2a: Steelix","|-damage|p2a: Steelix|179/257","|-heal|p1a: Zubat|140/230|[from] drain|[of] p2a: Steelix","|","|turn|3","|callback|decision","|","|move|p1a: Zubat|U-turn|p2a: Steelix","|-resisted|p2a: Steelix","|-damage|p2a: Steelix|169/257","|callback|decision","|","|switch|p1a: Palkia|Palkia, L70|242/242","|-ability|p1a: Palkia|Pressure","|move|p2a: Steelix|Stealth Rock|p1a: Palkia","|-sidestart|p1: dat laxus|move: Stealth Rock","|","|turn|4","|callback|decision","|","|switch|p2a: Ludicolo|Ludicolo, L86, F|278/278","|move|p1a: Palkia|Fire Blast|p2a: Ludicolo","|-damage|p2a: Ludicolo|200/278","|","|turn|5","|callback|decision","|","|move|p1a: Palkia|Spacial Rend|p2a: Ludicolo","|-damage|p2a: Ludicolo|100/278","|move|p2a: Ludicolo|Rain Dance|p2a: Ludicolo","|-weather|RainDance","|","|-weather|RainDance|[upkeep]","|turn|6","|callback|decision","|","|move|p2a: Ludicolo|Giga Drain|p1a: Palkia","|-damage|p1a: Palkia|173/242","|-heal|p2a: Ludicolo|135/278|[from] drain|[of] p1a: Palkia","|move|p1a: Palkia|Draco Meteor|p2a: Ludicolo","|-damage|p2a: Ludicolo|0 fnt","|-unboost|p1a: Palkia|spa|2","|faint|p2a: Ludicolo","|","|-weather|RainDance|[upkeep]","|-heal|p1a: Palkia|188/242|[from] item: Leftovers","|callback|decision","|","|switch|p2a: Ninetales|Ninetales, L78, F|242/242","|-weather|SunnyDay|[from] ability: Drought|[of] p2a: Ninetales","|-item|p2a: Ninetales|Air Balloon","|turn|7","|callback|decision","|","|switch|p2a: Frillish|Frillish, L95, F|78/258","|switch|p1a: Vulpix|Vulpix, L95, F|226/226","|-damage|p1a: Vulpix|170/226|[from] Stealth Rock","|","|-weather|SunnyDay|[upkeep]","|-heal|p1a: Vulpix|184/226|[from] item: Leftovers","|turn|8","|callback|decision","|","|move|p1a: Vulpix|Energy Ball|p2a: Frillish","|-supereffective|p2a: Frillish","|-damage|p2a: Frillish|0 fnt","|faint|p2a: Frillish","|","|-weather|SunnyDay|[upkeep]","|-heal|p1a: Vulpix|198/226|[from] item: Leftovers","|callback|decision","|","|switch|p2a: Ninetales|Ninetales, L78, F|242/242","|-item|p2a: Ninetales|Air Balloon","|turn|9","|callback|decision","|","|move|p2a: Ninetales|Hypnosis|p1a: Vulpix|[miss]","|-miss|p2a: Ninetales|p1a: Vulpix","|move|p1a: Vulpix|Hypnosis|p2a: Ninetales|[miss]","|-miss|p1a: Vulpix|p2a: Ninetales","|","|-weather|SunnyDay|[upkeep]","|-heal|p1a: Vulpix|212/226|[from] item: Leftovers","|turn|10","|callback|decision","|","|move|p2a: Ninetales|Hypnosis|p1a: Vulpix","|-status|p1a: Vulpix|slp","|cant|p1a: Vulpix|slp","|","|-weather|SunnyDay|[upkeep]","|-heal|p1a: Vulpix|226/226 slp|[from] item: Leftovers","|turn|11","|callback|decision","|","|switch|p2a: Steelix|Steelix, L82, F|169/257","|switch|p1a: Escavalier|Escavalier, L82, F|249/249","|-damage|p1a: Escavalier|218/249|[from] Stealth Rock","|","|-weather|SunnyDay|[upkeep]","|turn|12","|callback|decision","|","|move|p2a: Steelix|Fire Fang|p1a: Escavalier","|-supereffective|p1a: Escavalier","|-damage|p1a: Escavalier|0 fnt","|faint|p1a: Escavalier","|","|-weather|SunnyDay|[upkeep]","|callback|decision","|","|switch|p1a: Palkia|Palkia, L70|188/242","|-damage|p1a: Palkia|158/242|[from] Stealth Rock","|-ability|p1a: Palkia|Pressure","|turn|13","|callback|decision","|","|move|p1a: Palkia|Fire Blast|p2a: Steelix","|-supereffective|p2a: Steelix","|-damage|p2a: Steelix|0 fnt","|faint|p2a: Steelix","|","|-weather|SunnyDay|[upkeep]","|-heal|p1a: Palkia|173/242|[from] item: Leftovers","|callback|decision","|","|switch|p2a: Rotom-Frost|Rotom-Frost, L86|226/226","|turn|14","|callback|decision","|","|move|p2a: Rotom-Frost|Trick|p1a: Palkia","|-activate|p2a: Rotom-Frost|move: Trick|[of] p1a: Palkia","|-item|p1a: Palkia|Choice Scarf|[from] move: Trick","|-item|p2a: Rotom-Frost|Leftovers|[from] move: Trick","|move|p1a: Palkia|Fire Blast|p2a: Rotom-Frost|[miss]","|-miss|p1a: Palkia|p2a: Rotom-Frost","|","|-weather|SunnyDay|[upkeep]","|turn|15","|callback|decision","|","|move|p1a: Palkia|Fire Blast|p2a: Rotom-Frost","|-supereffective|p2a: Rotom-Frost","|-damage|p2a: Rotom-Frost|6/226","|move|p2a: Rotom-Frost|Thunderbolt|p1a: Palkia","|-damage|p1a: Palkia|58/242","|","|-weather|SunnyDay|[upkeep]","|-heal|p2a: Rotom-Frost|20/226|[from] item: Leftovers","|turn|16","|callback|decision","|","|move|p1a: Palkia|Fire Blast|p2a: Rotom-Frost|[miss]","|-miss|p1a: Palkia|p2a: Rotom-Frost","|move|p2a: Rotom-Frost|Rest|p2a: Rotom-Frost","|-status|p2a: Rotom-Frost|slp","|-heal|p2a: Rotom-Frost|226/226 slp|[silent]","|-status|p2a: Rotom-Frost|slp|[from] move: Rest","|","|-weather|SunnyDay|[upkeep]","|turn|17","|callback|decision","|","|move|p1a: Palkia|Fire Blast|p2a: Rotom-Frost","|-supereffective|p2a: Rotom-Frost","|-damage|p2a: Rotom-Frost|22/226 slp","|cant|p2a: Rotom-Frost|slp","|","|-weather|SunnyDay|[upkeep]","|-heal|p2a: Rotom-Frost|36/226 slp|[from] item: Leftovers","|turn|18","|callback|decision","|","|move|p1a: Palkia|Fire Blast|p2a: Rotom-Frost","|-supereffective|p2a: Rotom-Frost","|-damage|p2a: Rotom-Frost|0 fnt","|faint|p2a: Rotom-Frost","|","|-weather|SunnyDay|[upkeep]","|callback|decision","|","|switch|p2a: Arceus-Bug|Arceus-Bug, L70|284/284","|turn|19","|callback|decision","|","|move|p1a: Palkia|Fire Blast|p2a: Arceus-Bug","|-supereffective|p2a: Arceus-Bug","|-damage|p2a: Arceus-Bug|46/284","|-status|p2a: Arceus-Bug|brn","|move|p2a: Arceus-Bug|Judgment|p1a: Palkia","|-damage|p1a: Palkia|0 fnt","|faint|p1a: Palkia","|","|-weather|SunnyDay|[upkeep]","|-damage|p2a: Arceus-Bug|11/284 brn|[from] brn","|callback|decision","|","|switch|p1a: Zubat|Zubat, L95, F|140/230","|-damage|p1a: Zubat|83/230|[from] Stealth Rock","|turn|20","|callback|decision","|","|move|p2a: Arceus-Bug|Recover|p2a: Arceus-Bug","|-heal|p2a: Arceus-Bug|153/284 brn","|move|p1a: Zubat|Acrobatics|p2a: Arceus-Bug","|-supereffective|p2a: Arceus-Bug","|-damage|p2a: Arceus-Bug|0 fnt","|faint|p2a: Arceus-Bug","|","|-weather|SunnyDay|[upkeep]","|callback|decision","|","|switch|p2a: Ninetales|Ninetales, L78, F|242/242","|-item|p2a: Ninetales|Air Balloon","|turn|21","|callback|decision","|chat|X8bbs9|zubat has killed the pokemon god lol","|","|move|p2a: Ninetales|Flamethrower|p1a: Zubat","|-damage|p1a: Zubat|0 fnt","|faint|p1a: Zubat","|","|-weather|SunnyDay|[upkeep]","|callback|decision","|chat|forwardrewind|lol","|chat|dat laxus|lol","|","|switch|p1a: Exploud|Exploud, L86, F|319/319","|-damage|p1a: Exploud|280/319|[from] Stealth Rock","|turn|22","|callback|decision","|chat|forwardrewind|http://play.pokemonshowdown.com/battle-pokebankoubeta-63093679","|chat|forwardrewind|I won an OU battle with Hoppip","|","|move|p2a: Ninetales|Flamethrower|p1a: Exploud","|-damage|p1a: Exploud|130/319","|move|p1a: Exploud|Hyper Voice|p2a: Ninetales","|-damage|p2a: Ninetales|97/242","|-enditem|p2a: Ninetales|Air Balloon","|","|-weather|SunnyDay|[upkeep]","|turn|23","|callback|decision","|","|move|p2a: Ninetales|Flamethrower|p1a: Exploud","|-damage|p1a: Exploud|0 fnt","|faint|p1a: Exploud","|","|-weather|SunnyDay|[upkeep]","|callback|decision","|","|switch|p1a: Poliwrath|Poliwrath, L82, M|282/282","|-damage|p1a: Poliwrath|265/282|[from] Stealth Rock","|turn|24","|callback|decision","|","|move|p2a: Ninetales|Flamethrower|p1a: Poliwrath","|-crit|p1a: Poliwrath","|-resisted|p1a: Poliwrath","|-damage|p1a: Poliwrath|142/282","|move|p1a: Poliwrath|Toxic|p2a: Ninetales","|-status|p2a: Ninetales|tox","|","|-weather|SunnyDay|[upkeep]","|-heal|p1a: Poliwrath|159/282|[from] item: Leftovers","|-damage|p2a: Ninetales|82/242 tox|[from] psn","|turn|25","|callback|decision","|chat|forwardrewind|gg","|","|move|p2a: Ninetales|Flamethrower|p1a: Poliwrath","|-resisted|p1a: Poliwrath","|-damage|p1a: Poliwrath|103/282","|move|p1a: Poliwrath|Rest|p1a: Poliwrath","|-status|p1a: Poliwrath|slp","|-heal|p1a: Poliwrath|282/282 slp|[silent]","|-status|p1a: Poliwrath|slp|[from] move: Rest","|","|-weather|SunnyDay|[upkeep]","|-damage|p2a: Ninetales|52/242 tox|[from] psn","|turn|26","|callback|decision","|","|win|dat laxus"],"p1rating":{"entryid":572387,"formatid":"tervarirandombattle","userid":"datlaxus","username":"dat laxus","r":1500,"rd":350,"sigma":0.06,"rpr":1662.3108925672,"rprd":290.31896252483,"rpsigma":0.059999269601799,"gxe":63,"rptime":1384646400,"w":1,"l":0,"t":0,"acre":1253.5671558013,"lacre":-3746.4328441987,"oldacre":1007.0121159332,"oldrdacre":1169.3230085004},"p2rating":{"entryid":572388,"formatid":"tervarirandombattle","userid":"forwardrewind","username":"forwardrewind","r":1500,"rd":350,"sigma":0.06,"rpr":1337.6891074328,"rprd":290.31896252483,"rpsigma":0.059999269601799,"gxe":37,"rptime":1384646400,"w":0,"l":1,"t":0,"acre":928.9453706669,"lacre":-4071.0546293331,"oldacre":1007.0121159332,"oldrdacre":844.70122336593},"endType":"forfeit"}