{"turns":23,"p1":"Cool Sylveon","p2":"ツTucci","p1team":[{"name":"Electivire","moves":["flamethrower","earthquake","crosschop","wildcharge"],"ability":"Motor Drive","evs":{"hp":85,"atk":85,"def":85,"spa":85,"spd":85,"spe":85},"ivs":{"hp":31,"atk":31,"def":31,"spa":31,"spd":31,"spe":31},"item":"Expert Belt","level":82,"shiny":false},{"name":"Gazceit","moves":["batonpass","substitute","doublekick","hornleech"],"ability":"Raw Power","evs":{"hp":85,"atk":85,"def":85,"spa":85,"spd":85,"spe":85},"ivs":{"hp":31,"atk":31,"def":31,"spa":31,"spd":31,"spe":31},"item":"Leftovers","level":74,"shiny":false},{"name":"Landorus-Therian","moves":["stoneedge","earthquake","stealthrock","superpower"],"ability":"Intimidate","evs":{"hp":85,"atk":85,"def":85,"spa":85,"spd":85,"spe":85},"ivs":{"hp":31,"atk":31,"def":31,"spa":31,"spd":31,"spe":31},"item":"Leftovers","level":74,"shiny":false},{"name":"Donphan","moves":["superpower","iceshard","stealthrock","rapidspin"],"ability":"Sturdy","evs":{"hp":85,"atk":85,"def":85,"spa":85,"spd":85,"spe":85},"ivs":{"hp":31,"atk":31,"def":31,"spa":31,"spd":31,"spe":31},"item":"Life Orb","level":74,"shiny":false},{"name":"Anorith","moves":["xscissor","brickbreak","rockpolish","rockslide"],"ability":"Battle Armor","evs":{"hp":85,"atk":85,"def":85,"spa":85,"spd":85,"spe":85},"ivs":{"hp":31,"atk":31,"def":31,"spa":31,"spd":31,"spe":31},"item":"Life Orb","level":95,"shiny":false},{"name":"Umbreon","moves":["payback","wish","healbell","protect"],"ability":"Synchronize","evs":{"hp":85,"atk":85,"def":85,"spa":85,"spd":85,"spe":85},"ivs":{"hp":31,"atk":31,"def":31,"spa":31,"spd":31,"spe":31},"item":"Leftovers","level":78,"shiny":false}],"p2team":[{"name":"Ponyta","moves":["morningsun","flamecharge","flareblitz","hypnosis"],"ability":"Flash Fire","evs":{"hp":85,"atk":85,"def":85,"spa":85,"spd":85,"spe":85},"ivs":{"hp":31,"atk":31,"def":31,"spa":31,"spd":31,"spe":31},"item":"Air Balloon","level":95,"shiny":false},{"name":"Gazceit","moves":["hornleech","substitute","headsmash","return"],"ability":"Raw Power","evs":{"hp":85,"atk":85,"def":85,"spa":85,"spd":85,"spe":85},"ivs":{"hp":31,"atk":31,"def":31,"spa":31,"spd":31,"spe":31},"item":"Leftovers","level":74,"shiny":false},{"name":"Deoxys","moves":["icebeam","thunderbolt","stealthrock","spikes"],"ability":"Pressure","evs":{"hp":85,"atk":85,"def":85,"spa":85,"spd":85,"spe":85},"ivs":{"hp":31,"atk":31,"def":31,"spa":31,"spd":31,"spe":31},"item":"Leftovers","level":74,"shiny":false},{"name":"Gastly","moves":["hiddenpowerfighting","disable","shadowball","thunderbolt"],"ability":"Levitate","evs":{"hp":85,"atk":85,"def":85,"spa":85,"spd":85,"spe":85},"ivs":{"hp":31,"atk":31,"def":30,"spa":30,"spd":30,"spe":30},"item":"Black Sludge","level":95,"shiny":false},{"name":"Zapdos","moves":["roost","heatwave","substitute","thunderbolt"],"ability":"Lightningrod","evs":{"hp":85,"atk":85,"def":85,"spa":85,"spd":85,"spe":85},"ivs":{"hp":31,"atk":31,"def":31,"spa":31,"spd":31,"spe":31},"item":"Leftovers","level":78,"shiny":false},{"name":"Snorlax","moves":["earthquake","whirlwind","firepunch","curse"],"ability":"Thick Fat","evs":{"hp":85,"atk":85,"def":85,"spa":85,"spd":85,"spe":85},"ivs":{"hp":31,"atk":31,"def":31,"spa":31,"spd":31,"spe":31},"item":"Leftovers","level":78,"shiny":false}],"log":["|player|p1|Cool Sylveon|294","|player|p2|ツTucci|264","|gametype|singles","|tier|Tervari Random Battle","|rated","|rule|Sleep Clause Mod: Limit one foe put to sleep","|rule|HP Percentage Mod: HP is reported as percentages","|","|start","|switch|p1a: Electivire|Electivire, L82, F|257/257","|switch|p2a: Ponyta|Ponyta, L95, M|249/249","|-item|p2a: Ponyta|Air Balloon","|turn|1","|callback|decision","|","|move|p2a: Ponyta|Hypnosis|p1a: Electivire","|-status|p1a: Electivire|slp","|cant|p1a: Electivire|slp","|","|turn|2","|callback|decision","|","|switch|p2a: Snorlax|Snorlax, L78, M|378/378","|cant|p1a: Electivire|slp","|","|turn|3","|callback|decision","|","|cant|p1a: Electivire|slp","|move|p2a: Snorlax|Curse|p2a: Snorlax","|-boost|p2a: Snorlax|atk|1","|-boost|p2a: Snorlax|def|1","|-unboost|p2a: Snorlax|spe|1","|","|turn|4","|callback|decision","|","|-curestatus|p1a: Electivire|slp","|move|p1a: Electivire|Cross Chop|p2a: Snorlax","|-supereffective|p2a: Snorlax","|-damage|p2a: Snorlax|191/378","|move|p2a: Snorlax|Earthquake|p1a: Electivire","|-crit|p1a: Electivire","|-supereffective|p1a: Electivire","|-damage|p1a: Electivire|0 fnt","|faint|p1a: Electivire","|","|-heal|p2a: Snorlax|214/378|[from] item: Leftovers","|callback|decision","|","|switch|p1a: Donphan|Donphan, L74, M|255/255","|turn|5","|callback|decision","|","|move|p1a: Donphan|Stealth Rock|p2a: Snorlax","|-sidestart|p2: ツTucci|move: Stealth Rock","|move|p2a: Snorlax|Curse|p2a: Snorlax","|-boost|p2a: Snorlax|atk|1","|-boost|p2a: Snorlax|def|1","|-unboost|p2a: Snorlax|spe|1","|","|-heal|p2a: Snorlax|237/378|[from] item: Leftovers","|turn|6","|callback|decision","|","|move|p1a: Donphan|Superpower|p2a: Snorlax","|-supereffective|p2a: Snorlax","|-damage|p2a: Snorlax|94/378","|-unboost|p1a: Donphan|atk|1","|-unboost|p1a: Donphan|def|1","|-damage|p1a: Donphan|230/255|[from] item: Life Orb","|move|p2a: Snorlax|Earthquake|p1a: Donphan","|-damage|p1a: Donphan|36/255","|","|-heal|p2a: Snorlax|117/378|[from] item: Leftovers","|turn|7","|callback|decision","|","|switch|p2a: Gastly|Gastly, L95, F|211/211","|-damage|p2a: Gastly|185/211|[from] Stealth Rock","|move|p1a: Donphan|Superpower|p2a: Gastly","|-immune|p2a: Gastly|[msg]","|","|-heal|p2a: Gastly|198/211|[from] item: Black Sludge","|turn|8","|callback|decision","|","|move|p1a: Donphan|Ice Shard|p2a: Gastly","|-damage|p2a: Gastly|159/211","|-damage|p1a: Donphan|11/255|[from] item: Life Orb","|move|p2a: Gastly|Shadow Ball|p1a: Donphan","|-damage|p1a: Donphan|0 fnt","|faint|p1a: Donphan","|","|-heal|p2a: Gastly|172/211|[from] item: Black Sludge","|callback|decision","|","|switch|p1a: Umbreon|Umbreon, L78, F|276/276","|turn|9","|callback|decision","|","|move|p2a: Gastly|Hidden Power|p1a: Umbreon","|-supereffective|p1a: Umbreon","|-damage|p1a: Umbreon|172/276","|move|p1a: Umbreon|Payback|p2a: Gastly","|-supereffective|p2a: Gastly","|-damage|p2a: Gastly|0 fnt","|faint|p2a: Gastly","|","|-heal|p1a: Umbreon|189/276|[from] item: Leftovers","|callback|decision","|","|switch|p2a: Deoxys|Deoxys, L74|196/196","|-damage|p2a: Deoxys|172/196|[from] Stealth Rock","|-ability|p2a: Deoxys|Pressure","|turn|10","|callback|decision","|","|move|p2a: Deoxys|Stealth Rock|p1a: Umbreon","|-sidestart|p1: Cool Sylveon|move: Stealth Rock","|move|p1a: Umbreon|Wish|p1a: Umbreon","|","|-heal|p2a: Deoxys|184/196|[from] item: Leftovers","|-heal|p1a: Umbreon|206/276|[from] item: Leftovers","|turn|11","|callback|decision","|","|move|p1a: Umbreon|Protect|p1a: Umbreon","|-singleturn|p1a: Umbreon|Protect","|move|p2a: Deoxys|Spikes|p1a: Umbreon","|-sidestart|p1: Cool Sylveon|Spikes","|","|-heal|p1a: Umbreon|276/276|[from] move: Wish|[wisher] Umbreon","|-heal|p2a: Deoxys|196/196|[from] item: Leftovers","|turn|12","|callback|decision","|","|move|p2a: Deoxys|Spikes|p1a: Umbreon","|-sidestart|p1: Cool Sylveon|Spikes","|move|p1a: Umbreon|Payback|p2a: Deoxys","|-supereffective|p2a: Deoxys","|-damage|p2a: Deoxys|0 fnt","|faint|p2a: Deoxys","|","|callback|decision","|","|switch|p2a: Snorlax|Snorlax, L78, M|117/378","|-damage|p2a: Snorlax|70/378|[from] Stealth Rock","|turn|13","|callback|decision","|","|move|p1a: Umbreon|Payback|p2a: Snorlax","|-damage|p2a: Snorlax|19/378","|move|p2a: Snorlax|Whirlwind|p1a: Umbreon","|drag|p1a: Anorith|Anorith, L95, F|239/239","|-damage|p1a: Anorith|200/239|[from] Spikes","|-damage|p1a: Anorith|141/239|[from] Stealth Rock","|","|-heal|p2a: Snorlax|42/378|[from] item: Leftovers","|turn|14","|callback|decision","|","|move|p1a: Anorith|Brick Break|p2a: Snorlax","|-supereffective|p2a: Snorlax","|-damage|p2a: Snorlax|0 fnt","|-damage|p1a: Anorith|118/239|[from] item: Life Orb","|faint|p2a: Snorlax","|","|callback|decision","|","|switch|p2a: Gazceit|Gazceit, L74, F|218/218","|-damage|p2a: Gazceit|191/218|[from] Stealth Rock","|turn|15","|callback|decision","|","|move|p1a: Anorith|Rock Polish|p1a: Anorith","|-boost|p1a: Anorith|spe|2","|move|p2a: Gazceit|Substitute|p2a: Gazceit","|-start|p2a: Gazceit|Substitute","|-damage|p2a: Gazceit|137/218","|","|-heal|p2a: Gazceit|150/218|[from] item: Leftovers","|turn|16","|callback|decision","|","|move|p1a: Anorith|Rock Slide|p2a: Gazceit","|-end|p2a: Gazceit|Substitute","|-damage|p1a: Anorith|95/239|[from] item: Life Orb","|move|p2a: Gazceit|Horn Leech|p1a: Anorith","|-damage|p1a: Anorith|0 fnt","|-heal|p2a: Gazceit|198/218|[from] drain|[of] p1a: Anorith","|faint|p1a: Anorith","|","|-heal|p2a: Gazceit|211/218|[from] item: Leftovers","|callback|decision","|","|switch|p1a: Umbreon|Umbreon, L78, F|276/276","|-damage|p1a: Umbreon|230/276|[from] Spikes","|-damage|p1a: Umbreon|196/276|[from] Stealth Rock","|turn|17","|callback|decision","|","|move|p2a: Gazceit|Horn Leech|p1a: Umbreon","|-damage|p1a: Umbreon|139/276","|-heal|p2a: Gazceit|218/218|[from] drain|[of] p1a: Umbreon","|move|p1a: Umbreon|Payback|p2a: Gazceit","|-supereffective|p2a: Gazceit","|-damage|p2a: Gazceit|0 fnt","|faint|p2a: Gazceit","|","|-heal|p1a: Umbreon|156/276|[from] item: Leftovers","|callback|decision","|chat|Cool Sylveon|gg","|","|switch|p2a: Ponyta|Ponyta, L95, M|249/249","|-damage|p2a: Ponyta|187/249|[from] Stealth Rock","|-item|p2a: Ponyta|Air Balloon","|turn|18","|callback|decision","|","|move|p2a: Ponyta|Flame Charge|p1a: Umbreon","|-damage|p1a: Umbreon|102/276","|-boost|p2a: Ponyta|spe|1","|move|p1a: Umbreon|Wish|p1a: Umbreon","|","|-heal|p1a: Umbreon|119/276|[from] item: Leftovers","|turn|19","|callback|decision","|","|move|p1a: Umbreon|Protect|p1a: Umbreon","|-singleturn|p1a: Umbreon|Protect","|move|p2a: Ponyta|Morning Sun|p2a: Ponyta","|-heal|p2a: Ponyta|249/249","|","|-heal|p1a: Umbreon|257/276|[from] move: Wish|[wisher] Umbreon","|-heal|p1a: Umbreon|274/276|[from] item: Leftovers","|turn|20","|callback|decision","|","|move|p2a: Ponyta|Flare Blitz|p1a: Umbreon","|-damage|p1a: Umbreon|147/276","|-damage|p2a: Ponyta|207/249|[from] recoil|[of] p1a: Umbreon","|move|p1a: Umbreon|Payback|p2a: Ponyta","|-damage|p2a: Ponyta|125/249","|-enditem|p2a: Ponyta|Air Balloon","|","|-heal|p1a: Umbreon|164/276|[from] item: Leftovers","|turn|21","|callback|decision","|","|move|p2a: Ponyta|Flare Blitz|p1a: Umbreon","|-crit|p1a: Umbreon","|-damage|p1a: Umbreon|0 fnt","|-damage|p2a: Ponyta|71/249|[from] recoil|[of] p1a: Umbreon","|faint|p1a: Umbreon","|","|callback|decision","|","|switch|p1a: Landorus-Therian|Landorus-Therian, L74, M|254/254","|-damage|p1a: Landorus-Therian|223/254|[from] Stealth Rock","|-ability|p1a: Landorus-Therian|Intimidate|[of] p2a: Ponyta","|-unboost|p2a: Ponyta|atk|1","|turn|22","|callback|decision","|","|move|p2a: Ponyta|Hypnosis|p1a: Landorus-Therian|[miss]","|-miss|p2a: Ponyta|p1a: Landorus-Therian","|move|p1a: Landorus-Therian|Earthquake|p2a: Ponyta","|-supereffective|p2a: Ponyta","|-damage|p2a: Ponyta|0 fnt","|faint|p2a: Ponyta","|","|-heal|p1a: Landorus-Therian|238/254|[from] item: Leftovers","|callback|decision","|","|switch|p2a: Zapdos|Zapdos, L78|268/268","|-damage|p2a: Zapdos|201/268|[from] Stealth Rock","|turn|23","|callback|decision","|","|move|p2a: Zapdos|Heat Wave|p1a: Landorus-Therian","|-damage|p1a: Landorus-Therian|143/254","|move|p1a: Landorus-Therian|Stone Edge|p2a: Zapdos","|-crit|p2a: Zapdos","|-supereffective|p2a: Zapdos","|-damage|p2a: Zapdos|0 fnt","|faint|p2a: Zapdos","|","|win|Cool Sylveon"],"p1rating":{"entryid":"489206","serverid":"tervari","formatid":"tervarirandombattle","userid":"coolsylveon","username":"Cool Sylveon","w":2,"l":"0","t":"0","gxe":70,"r":"1662.3108925672","rd":290.69292286628,"sigma":"0.059999269601799","rptime":1384819200,"rpr":1750.718877394,"rprd":256.6018314836,"rpsigma":0.059997867610402,"acre":1389.4459155818,"lacre":-3610.5540844182,"oldacre":1252.7776543952,"oldrdacre":1341.185639222},"p2rating":{"entryid":607738,"formatid":"tervarirandombattle","userid":"tucci","username":"ツTucci","r":1500,"rd":350,"sigma":0.06,"rpr":1383.3567203807,"rprd":286.95191944898,"rpsigma":0.059998374379333,"gxe":40.5,"rptime":1384819200,"w":0,"l":1,"t":0,"acre":979.35348611839,"lacre":-4020.6465138816,"oldacre":1007.0121159332,"oldrdacre":890.36883631388},"endType":"normal"}