{"turns":21,"p1":"☢ChaosSigma☢","p2":"Snaquaza","p1team":[{"name":"Zekrom","moves":["honeclaws","boltstrike","outrage","dracometeor"],"ability":"Teravolt","evs":{"hp":85,"atk":85,"def":85,"spa":85,"spd":85,"spe":85},"ivs":{"hp":31,"atk":31,"def":31,"spa":31,"spd":31,"spe":31},"item":"Leftovers","level":70,"shiny":false},{"name":"Arceus-Rock","moves":["earthquake","swordsdance","stoneedge","refresh"],"ability":"Multitype","evs":{"hp":85,"atk":85,"def":85,"spa":85,"spd":85,"spe":85},"ivs":{"hp":31,"atk":31,"def":31,"spa":31,"spd":31,"spe":31},"item":"Stone Plate","level":70,"shiny":false},{"name":"Zigzagoon","moves":["seedbomb","bellydrum","substitute","extremespeed"],"ability":"Quick Feet","evs":{"hp":85,"atk":85,"def":85,"spa":85,"spd":85,"spe":85},"ivs":{"hp":31,"atk":31,"def":31,"spa":31,"spd":31,"spe":31},"item":"Leftovers","level":99,"shiny":false},{"name":"Shelmet","moves":["spikes","recover","acidarmor","bugbuzz"],"ability":"Hydration","evs":{"hp":85,"atk":85,"def":85,"spa":85,"spd":85,"spe":85},"ivs":{"hp":31,"atk":31,"def":31,"spa":31,"spd":31,"spe":31},"item":"Leftovers","level":95,"shiny":false},{"name":"Celebi","moves":["hiddenpowerfire","recover","earthpower","leafstorm"],"ability":"Natural Cure","evs":{"hp":85,"atk":85,"def":85,"spa":85,"spd":85,"spe":85},"ivs":{"hp":31,"atk":30,"def":31,"spa":30,"spd":31,"spe":30},"item":"Leftovers","level":74,"shiny":false},{"name":"Landorus-Therian","moves":["earthquake","rockpolish","superpower","stoneedge"],"ability":"Intimidate","evs":{"hp":85,"atk":85,"def":85,"spa":85,"spd":85,"spe":85},"ivs":{"hp":31,"atk":31,"def":31,"spa":31,"spd":31,"spe":31},"item":"Leftovers","level":74,"shiny":false}],"p2team":[{"name":"Koffing","moves":["sleeptalk","willowisp","sludgebomb","rest"],"ability":"Levitate","evs":{"hp":85,"atk":85,"def":85,"spa":85,"spd":85,"spe":85},"ivs":{"hp":31,"atk":31,"def":31,"spa":31,"spd":31,"spe":31},"item":"Focus Sash","level":95,"shiny":false},{"name":"Mareep","moves":["lightscreen","discharge","reflect","toxic"],"ability":"Static","evs":{"hp":85,"atk":85,"def":85,"spa":85,"spd":85,"spe":85},"ivs":{"hp":31,"atk":30,"def":30,"spa":31,"spd":31,"spe":31},"item":"Light Clay","level":95,"shiny":false},{"name":"Haxorus","moves":["outrage","dragondance","earthquake","aquatail"],"ability":"Mold Breaker","evs":{"hp":85,"atk":85,"def":85,"spa":85,"spd":85,"spe":85},"ivs":{"hp":31,"atk":31,"def":31,"spa":31,"spd":31,"spe":31},"item":"Life Orb","level":74,"shiny":false},{"name":"Jirachi","moves":["bodyslam","icepunch","stealthrock","wish"],"ability":"Serene Grace","evs":{"hp":85,"atk":85,"def":85,"spa":85,"spd":85,"spe":85},"ivs":{"hp":31,"atk":31,"def":31,"spa":31,"spd":31,"spe":31},"item":"Leftovers","level":74,"shiny":false},{"name":"Genesect","moves":["flamethrower","uturn","thunderbolt","icebeam"],"ability":"Download","evs":{"hp":85,"atk":85,"def":85,"spa":85,"spd":85,"spe":85},"ivs":{"hp":31,"atk":31,"def":31,"spa":31,"spd":31,"spe":31},"item":"Expert Belt","level":74,"shiny":false},{"name":"Gliscor","moves":["earthquake","protect","acrobatics","roost"],"ability":"Poison Heal","evs":{"hp":85,"atk":85,"def":85,"spa":85,"spd":85,"spe":85},"ivs":{"hp":31,"atk":31,"def":31,"spa":31,"spd":31,"spe":31},"item":"Flying Gem","level":74,"shiny":false}],"log":["|player|p1|☢ChaosSigma☢|92","|player|p2|Snaquaza|101","|gametype|singles","|tier|Tervari Random Battle","|rated","|rule|Sleep Clause Mod: Limit one foe put to sleep","|rule|HP Percentage Mod: HP is reported as percentages","|","|start","|switch|p1a: Zekrom|Zekrom, L70|256/256","|switch|p2a: Koffing|Koffing, L95, M|230/230","|-ability|p1a: Zekrom|Teravolt","|turn|1","|callback|decision","|player|p1","|player|p1|☢ChaosSigma☢|92","|callback|decision","|chat|☢ChaosSigma☢|Aw yeah!","|","|move|p1a: Zekrom|Hone Claws|p1a: Zekrom","|-boost|p1a: Zekrom|atk|1","|-boost|p1a: Zekrom|accuracy|1","|move|p2a: Koffing|Will-O-Wisp|p1a: Zekrom","|-status|p1a: Zekrom|brn","|","|-damage|p1a: Zekrom|224/256 brn|[from] brn","|turn|2","|callback|decision","|chat|☢ChaosSigma☢|Aw no.","|","|move|p1a: Zekrom|Hone Claws|p1a: Zekrom","|-boost|p1a: Zekrom|atk|1","|-boost|p1a: Zekrom|accuracy|1","|move|p2a: Koffing|Sludge Bomb|p1a: Zekrom","|-damage|p1a: Zekrom|124/256 brn","|","|-heal|p1a: Zekrom|140/256 brn|[from] item: Leftovers","|-damage|p1a: Zekrom|108/256 brn|[from] brn","|turn|3","|callback|decision","|","|move|p1a: Zekrom|Draco Meteor|p2a: Koffing","|-damage|p2a: Koffing|38/230","|-unboost|p1a: Zekrom|spa|2","|move|p2a: Koffing|Sludge Bomb|p1a: Zekrom","|-damage|p1a: Zekrom|20/256 brn","|","|-heal|p1a: Zekrom|36/256 brn|[from] item: Leftovers","|-damage|p1a: Zekrom|4/256 brn|[from] brn","|turn|4","|callback|decision","|","|move|p1a: Zekrom|Draco Meteor|p2a: Koffing","|-crit|p2a: Koffing","|-damage|p2a: Koffing|0 fnt","|-unboost|p1a: Zekrom|spa|2","|faint|p2a: Koffing","|","|-heal|p1a: Zekrom|20/256 brn|[from] item: Leftovers","|-damage|p1a: Zekrom|0 fnt|[from] brn","|faint|p1a: Zekrom","|callback|decision","|","|switch|p2a: Mareep|Mareep, L95, M|258/258","|switch|p1a: Shelmet|Shelmet, L95, M|249/249","|turn|5","|callback|decision","|","|move|p2a: Mareep|Toxic|p1a: Shelmet","|-status|p1a: Shelmet|tox","|move|p1a: Shelmet|Spikes|p2a: Mareep","|-sidestart|p2: Snaquaza|Spikes","|","|-damage|p1a: Shelmet|234/249 tox|[from] psn","|turn|6","|callback|decision","|","|switch|p2a: Haxorus|Haxorus, L74, M|234/234","|-damage|p2a: Haxorus|205/234|[from] Spikes","|-ability|p2a: Haxorus|Mold Breaker","|move|p1a: Shelmet|Bug Buzz|p2a: Haxorus","|-crit|p2a: Haxorus","|-damage|p2a: Haxorus|39/234","|","|-heal|p1a: Shelmet|249/249 tox|[from] item: Leftovers","|-damage|p1a: Shelmet|219/249 tox|[from] psn","|turn|7","|callback|decision","|","|move|p2a: Haxorus|Outrage|p1a: Shelmet","|-damage|p1a: Shelmet|55/249 tox","|-damage|p2a: Haxorus|16/234|[from] item: Life Orb","|move|p1a: Shelmet|Spikes|p2a: Haxorus","|-sidestart|p2: Snaquaza|Spikes","|","|-heal|p1a: Shelmet|70/249 tox|[from] item: Leftovers","|-damage|p1a: Shelmet|25/249 tox|[from] psn","|turn|8","|callback|decision","|","|move|p2a: Haxorus|Outrage|p1a: Shelmet","|-damage|p1a: Shelmet|0 fnt","|-damage|p2a: Haxorus|0 fnt|[from] item: Life Orb","|faint|p1a: Shelmet","|faint|p2a: Haxorus","|","|callback|decision","|chat|☢ChaosSigma☢|gg","|chat|Snaquaza|lol","|","|switch|p1a: Zigzagoon|Zigzagoon, L99, M|235/235","|switch|p2a: Mareep|Mareep, L95, M|258/258","|-damage|p2a: Mareep|215/258|[from] Spikes","|turn|9","|callback|decision","|chat|☢ChaosSigma☢|I have, like 3 legends left","|chat|Snaquaza|meh","|","|move|p1a: Zigzagoon|Substitute|p1a: Zigzagoon","|-start|p1a: Zigzagoon|Substitute","|-damage|p1a: Zigzagoon|177/235","|move|p2a: Mareep|Reflect|p2a: Mareep","|-sidestart|p2: Snaquaza|Reflect","|","|-heal|p1a: Zigzagoon|191/235|[from] item: Leftovers","|turn|10","|callback|decision","|chat|Snaquaza|I got 2 legends left","|","|move|p1a: Zigzagoon|Belly Drum|p1a: Zigzagoon","|-damage|p1a: Zigzagoon|74/235","|-setboost|p1a: Zigzagoon|atk|6|[from] move: Belly Drum","|move|p2a: Mareep|Discharge|p1a: Zigzagoon","|-end|p1a: Zigzagoon|Substitute","|","|-heal|p1a: Zigzagoon|88/235|[from] item: Leftovers","|turn|11","|callback|decision","|chat|☢ChaosSigma☢|lol","|","|move|p1a: Zigzagoon|Extreme Speed|p2a: Mareep","|-damage|p2a: Mareep|64/258","|move|p2a: Mareep|Discharge|p1a: Zigzagoon","|-damage|p1a: Zigzagoon|0 fnt","|faint|p1a: Zigzagoon","|","|callback|decision","|chat|Snaquaza|^_^","|","|switch|p1a: Celebi|Celebi, L74|270/270","|turn|12","|callback|decision","|","|move|p1a: Celebi|Earth Power|p2a: Mareep","|-supereffective|p2a: Mareep","|-damage|p2a: Mareep|0 fnt","|faint|p2a: Mareep","|","|callback|decision","|","|switch|p2a: Genesect|Genesect, L74|227/227","|-damage|p2a: Genesect|190/227|[from] Spikes","|-boost|p2a: Genesect|spa|1|[from] ability: Download","|turn|13","|callback|decision","|","|switch|p1a: Landorus-Therian|Landorus-Therian, L74, M|254/254","|-ability|p1a: Landorus-Therian|Intimidate|[of] p2a: Genesect","|-unboost|p2a: Genesect|atk|1","|move|p2a: Genesect|U-turn|p1a: Landorus-Therian","|-crit|p1a: Landorus-Therian","|-resisted|p1a: Landorus-Therian","|-damage|p1a: Landorus-Therian|180/254","|callback|decision","|","|switch|p2a: Gliscor|Gliscor, L74, F|233/233","|","|-heal|p1a: Landorus-Therian|195/254|[from] item: Leftovers","|turn|14","|callback|decision","|","|move|p2a: Gliscor|Acrobatics|p1a: Landorus-Therian","|-enditem|p2a: Gliscor|Flying Gem|[from] gem|[move] Acrobatics","|-damage|p1a: Landorus-Therian|59/254","|move|p1a: Landorus-Therian|Stone Edge|p2a: Gliscor","|-damage|p2a: Gliscor|200/233","|","|-heal|p1a: Landorus-Therian|74/254|[from] item: Leftovers","|turn|15","|callback|decision","|","|move|p2a: Gliscor|Acrobatics|p1a: Landorus-Therian","|-damage|p1a: Landorus-Therian|0 fnt","|faint|p1a: Landorus-Therian","|","|callback|decision","|chat|☢ChaosSigma☢|:{","|","|switch|p1a: Arceus-Rock|Arceus-Rock, L70|284/284","|turn|16","|callback|decision","|","|move|p1a: Arceus-Rock|Swords Dance|p1a: Arceus-Rock","|-boost|p1a: Arceus-Rock|atk|2","|move|p2a: Gliscor|Earthquake|p1a: Arceus-Rock","|-supereffective|p1a: Arceus-Rock","|-damage|p1a: Arceus-Rock|126/284","|","|-sideend|p2: Snaquaza|Reflect","|turn|17","|callback|decision","|chat|☢ChaosSigma☢|I wonder what's the lowest level...","|","|move|p1a: Arceus-Rock|Stone Edge|p2a: Gliscor","|-damage|p2a: Gliscor|26/233","|move|p2a: Gliscor|Earthquake|p1a: Arceus-Rock","|-supereffective|p1a: Arceus-Rock","|-damage|p1a: Arceus-Rock|0 fnt","|faint|p1a: Arceus-Rock","|","|callback|decision","|chat|Snaquaza|:P","|","|switch|p1a: Celebi|Celebi, L74|270/270","|turn|18","|callback|decision","|","|move|p1a: Celebi|Hidden Power|p2a: Gliscor","|-damage|p2a: Gliscor|0 fnt","|faint|p2a: Gliscor","|","|callback|decision","|chat|Lightkyoyo|lvl1","|chat|Lightkyoyo|:P","|","|switch|p2a: Genesect|Genesect, L74|190/227","|-damage|p2a: Genesect|153/227|[from] Spikes","|-boost|p2a: Genesect|spa|1|[from] ability: Download","|turn|19","|callback|decision","|chat|☢ChaosSigma☢|...on Randbats","|","|move|p1a: Celebi|Hidden Power|p2a: Genesect","|-supereffective|p2a: Genesect","|-damage|p2a: Genesect|0 fnt","|faint|p2a: Genesect","|","|callback|decision","|","|switch|p2a: Jirachi|Jirachi, L74|270/270","|-damage|p2a: Jirachi|225/270|[from] Spikes","|turn|20","|callback|decision","|chat|Snaquaza|dugh","|","|move|p2a: Jirachi|Wish|p2a: Jirachi","|move|p1a: Celebi|Earth Power|p2a: Jirachi","|-crit|p2a: Jirachi","|-supereffective|p2a: Jirachi","|-damage|p2a: Jirachi|11/270","|","|-heal|p2a: Jirachi|27/270|[from] item: Leftovers","|turn|21","|callback|decision","|chat|☢ChaosSigma☢|lol","|chat|Snaquaza|..","|chat|☢ChaosSigma☢|:X","|","|move|p2a: Jirachi|Ice Punch|p1a: Celebi","|-supereffective|p1a: Celebi","|-damage|p1a: Celebi|176/270","|move|p1a: Celebi|Hidden Power|p2a: Jirachi","|-supereffective|p2a: Jirachi","|-damage|p2a: Jirachi|0 fnt","|faint|p2a: Jirachi","|","|win|☢ChaosSigma☢"],"p1rating":{"entryid":"488467","serverid":"tervari","formatid":"tervarirandombattle","userid":"chaossigma","username":"ChaosSigma","w":1,"l":"1","t":"0","gxe":62,"r":"1337.6891074328","rd":"290.69292286628","sigma":"0.059999269601799","rptime":"1384819200","rpr":1645.424491793,"rprd":263.93335737857,"rpsigma":0.060009484991652,"acre":1273.829382008,"lacre":-3726.170617992,"oldacre":928.15586926084,"oldrdacre":1235.891253621},"p2rating":{"entryid":"193978","serverid":"tervari","formatid":"tervarirandombattle","userid":"snaquaza","username":"Snaquaza","w":"5","l":2,"t":"0","gxe":62.1,"r":"1746.4445893718","rd":"180.65882608765","sigma":"0.059996692170852","rptime":"1384819200","rpr":1637.0209963741,"rprd":174.53327252301,"rpsigma":0.060004976235378,"acre":1391.2933960113,"lacre":-3608.7066039887,"oldacre":1491.6698143589,"oldrdacre":1382.2462213611},"endType":"normal"}