{"turns":35,"p1":"Snaquaza","p2":"asterat","p1team":[{"name":"Tentacruel","species":"Tentacruel","gender":"","item":"Black Sludge","ability":"Liquid Ooze","evs":{"hp":252,"atk":0,"def":240,"spa":0,"spd":0,"spe":16},"nature":"Bold","moves":["Toxic Spikes","Rapid Spin","Scald","Ice Beam"],"level":100,"forcedLevel":100,"ivs":{"hp":31,"atk":31,"def":31,"spa":31,"spd":31,"spe":31}},{"name":"Heatran","species":"Heatran","gender":"","item":"Leftovers","ability":"Flash Fire","evs":{"hp":252,"atk":0,"def":0,"spa":4,"spd":252,"spe":0},"nature":"Calm","moves":["Substitute","Roar","Will-O-Wisp","Fire Blast"],"level":100,"forcedLevel":100,"ivs":{"hp":31,"atk":31,"def":31,"spa":31,"spd":31,"spe":31}},{"name":"Ferrothorn","species":"Ferrothorn","gender":"","item":"Leftovers","ability":"Iron Barbs","evs":{"hp":0,"atk":252,"def":252,"spa":0,"spd":4,"spe":0},"nature":"Relaxed","ivs":{"hp":31,"atk":31,"def":31,"spa":31,"spd":31,"spe":0},"moves":["Stealth Rock","Spikes","Power Whip","Gyro Ball"],"level":100,"forcedLevel":100},{"name":"Watrirield","species":"Watrirield","gender":"","item":"Choice Band","ability":"Adrenaline","evs":{"hp":4,"atk":252,"def":0,"spa":0,"spd":0,"spe":252},"nature":"Jolly","moves":["U-turn","Rabid Frenzy","Close Combat","Earthquake"],"level":100,"forcedLevel":100,"ivs":{"hp":31,"atk":31,"def":31,"spa":31,"spd":31,"spe":31}},{"name":"Gazceit","species":"Gazceit","gender":"","item":"Focus Sash","ability":"Raw Power","evs":{"hp":4,"atk":252,"def":0,"spa":0,"spd":0,"spe":252},"nature":"Jolly","moves":["Swords Dance","Quick Attack","Void Horn","Double Kick"],"level":100,"forcedLevel":100,"ivs":{"hp":31,"atk":31,"def":31,"spa":31,"spd":31,"spe":31}},{"name":"Garchomp","species":"Garchomp","gender":"","item":"Choice Scarf","ability":"Rough Skin","evs":{"hp":4,"atk":252,"def":0,"spa":0,"spd":0,"spe":252},"nature":"Jolly","moves":["Earthquake","Dragon Claw","Stone Edge","Fire Fang"],"level":100,"forcedLevel":100,"ivs":{"hp":31,"atk":31,"def":31,"spa":31,"spd":31,"spe":31}}],"p2team":[{"name":"Tentacruel","species":"Tentacruel","gender":"","item":"Black Sludge","ability":"Liquid Ooze","evs":{"hp":252,"atk":0,"def":240,"spa":0,"spd":0,"spe":16},"nature":"Bold","moves":["Toxic Spikes","Rapid Spin","Scald","Ice Beam"],"ivs":{"hp":31,"atk":31,"def":31,"spa":31,"spd":31,"spe":31},"level":100,"forcedLevel":100},{"name":"Heatran","species":"Heatran","gender":"","item":"Leftovers","ability":"Flash Fire","evs":{"hp":252,"atk":0,"def":0,"spa":4,"spd":252,"spe":0},"nature":"Calm","moves":["Substitute","Roar","Will-O-Wisp","Fire Blast"],"ivs":{"hp":31,"atk":31,"def":31,"spa":31,"spd":31,"spe":31},"level":100,"forcedLevel":100},{"name":"Ferrothorn","species":"Ferrothorn","gender":"","item":"Leftovers","ability":"Iron Barbs","evs":{"hp":0,"atk":252,"def":252,"spa":0,"spd":4,"spe":0},"nature":"Relaxed","ivs":{"hp":31,"atk":31,"def":31,"spa":31,"spd":31,"spe":0},"moves":["Stealth Rock","Spikes","Power Whip","Gyro Ball"],"level":100,"forcedLevel":100},{"name":"Watrirield","species":"Watrirield","gender":"","item":"Choice Band","ability":"Adrenaline","evs":{"hp":4,"atk":252,"def":0,"spa":0,"spd":0,"spe":252},"nature":"Jolly","moves":["U-turn","Rabid Frenzy","Close Combat","Earthquake"],"ivs":{"hp":31,"atk":31,"def":31,"spa":31,"spd":31,"spe":31},"level":100,"forcedLevel":100},{"name":"Gazceit","species":"Gazceit","gender":"","item":"Focus Sash","ability":"Raw Power","evs":{"hp":4,"atk":252,"def":0,"spa":0,"spd":0,"spe":252},"nature":"Jolly","moves":["Swords Dance","Quick Attack","Void Horn","Double Kick"],"ivs":{"hp":31,"atk":31,"def":31,"spa":31,"spd":31,"spe":31},"level":100,"forcedLevel":100},{"name":"Garchomp","species":"Garchomp","gender":"","item":"Choice Scarf","ability":"Rough Skin","evs":{"hp":4,"atk":252,"def":0,"spa":0,"spd":0,"spe":252},"nature":"Jolly","moves":["Earthquake","Dragon Claw","Stone Edge","Fire Fang"],"ivs":{"hp":31,"atk":31,"def":31,"spa":31,"spd":31,"spe":31},"level":100,"forcedLevel":100}],"log":["|player|p1|Snaquaza|101","|player|p2|asterat|12","|gametype|singles","|tier|Tervari OU","|rated","|rule|Evasion Abilities Clause: Evasion abilities are banned","|clearpoke","|poke|p1|Tentacruel, F","|poke|p1|Heatran, F","|poke|p1|Ferrothorn, F","|poke|p1|Watrirield","|poke|p1|Gazceit, M","|poke|p1|Garchomp, M","|poke|p2|Tentacruel, F","|poke|p2|Heatran, M","|poke|p2|Ferrothorn, F","|poke|p2|Watrirield","|poke|p2|Gazceit, M","|poke|p2|Garchomp, M","|rule|Sleep Clause Mod: Limit one foe put to sleep","|rule|Species Clause: Limit one of each Pokemon","|rule|OHKO Clause: OHKO moves are banned","|rule|Moody Clause: Moody is banned","|rule|Evasion Moves Clause: Evasion moves are banned","|rule|HP Percentage Mod: HP is reported as percentages","|teampreview","|callback|decision","|chat|asterat|nice team there","|chat|Snaquaza|lol","|","|start","|switch|p1a: Gazceit|Gazceit, M|252/252","|switch|p2a: Ferrothorn|Ferrothorn, F|289/289","|turn|1","|callback|decision","|","|switch|p1a: Heatran|Heatran, F|386/386","|move|p2a: Ferrothorn|Gyro Ball|p1a: Heatran","|-resisted|p1a: Heatran","|-damage|p1a: Heatran|345/386","|","|-heal|p1a: Heatran|369/386|[from] item: Leftovers","|turn|2","|callback|decision","|","|switch|p2a: Heatran|Heatran, M|386/386","|move|p1a: Heatran|Substitute|p1a: Heatran","|-start|p1a: Heatran|Substitute","|-damage|p1a: Heatran|273/386","|","|-heal|p1a: Heatran|297/386|[from] item: Leftovers","|turn|3","|callback|decision","|","|move|p1a: Heatran|Roar|p2a: Heatran","|drag|p2a: Gazceit|Gazceit, M|252/252","|","|-heal|p1a: Heatran|321/386|[from] item: Leftovers","|turn|4","|callback|decision","|","|switch|p2a: Heatran|Heatran, M|386/386","|move|p1a: Heatran|Will-O-Wisp|p2a: Heatran","|-start|p2a: Heatran|ability: Flash Fire","|","|-heal|p1a: Heatran|345/386|[from] item: Leftovers","|turn|5","|callback|decision","|","|move|p1a: Heatran|Roar|p2a: Heatran","|drag|p2a: Watrirield|Watrirield|312/312","|","|-heal|p1a: Heatran|369/386|[from] item: Leftovers","|turn|6","|callback|decision","|","|switch|p2a: Heatran|Heatran, M|386/386","|move|p1a: Heatran|Roar|p2a: Heatran","|drag|p2a: Gazceit|Gazceit, M|252/252","|","|-heal|p1a: Heatran|386/386|[from] item: Leftovers","|turn|7","|callback|decision","|","|move|p2a: Gazceit|Double Kick|p1a: Heatran","|-supereffective|p1a: Heatran","|-activate|p1a: Heatran|Substitute|[damage]","|-supereffective|p1a: Heatran","|-end|p1a: Heatran|Substitute","|-hitcount|p1a: Heatran|2","|move|p1a: Heatran|Will-O-Wisp|p2a: Gazceit|[miss]","|-miss|p1a: Heatran|p2a: Gazceit","|","|turn|8","|callback|decision","|chat|Snaquaza|daww","|","|switch|p2a: Heatran|Heatran, M|386/386","|move|p1a: Heatran|Roar|p2a: Heatran","|drag|p2a: Tentacruel|Tentacruel, F|364/364","|","|turn|9","|callback|decision","|chat|asterat|lelelelleel","|","|switch|p2a: Heatran|Heatran, M|386/386","|move|p1a: Heatran|Will-O-Wisp|p2a: Heatran","|-start|p2a: Heatran|ability: Flash Fire","|","|turn|10","|callback|decision","|","|move|p1a: Heatran|Roar|p2a: Heatran","|drag|p2a: Tentacruel|Tentacruel, F|364/364","|","|turn|11","|callback|decision","|","|switch|p2a: Heatran|Heatran, M|386/386","|move|p1a: Heatran|Will-O-Wisp|p2a: Heatran","|-start|p2a: Heatran|ability: Flash Fire","|","|turn|12","|callback|decision","|","|move|p2a: Heatran|Roar|p1a: Heatran","|drag|p1a: Ferrothorn|Ferrothorn, F|289/289","|","|turn|13","|callback|decision","|","|switch|p2a: Garchomp|Garchomp, M|358/358","|switch|p1a: Heatran|Heatran, F|386/386","|","|turn|14","|callback|decision","|","|switch|p1a: Garchomp|Garchomp, M|358/358","|move|p2a: Garchomp|Earthquake|p1a: Garchomp","|-damage|p1a: Garchomp|178/358","|","|turn|15","|callback|decision","|","|switch|p2a: Heatran|Heatran, M|386/386","|switch|p1a: Ferrothorn|Ferrothorn, F|289/289","|","|turn|16","|callback|decision","|","|switch|p1a: Heatran|Heatran, F|386/386","|move|p2a: Heatran|Fire Blast|p1a: Heatran","|-start|p1a: Heatran|ability: Flash Fire","|","|turn|17","|callback|decision","|","|move|p1a: Heatran|Roar|p2a: Heatran","|drag|p2a: Garchomp|Garchomp, M|358/358","|","|turn|18","|callback|decision","|","|switch|p1a: Ferrothorn|Ferrothorn, F|289/289","|move|p2a: Garchomp|Earthquake|p1a: Ferrothorn","|-damage|p1a: Ferrothorn|186/289","|","|-heal|p1a: Ferrothorn|204/289|[from] item: Leftovers","|turn|19","|callback|decision","|","|move|p2a: Garchomp|Earthquake|p1a: Ferrothorn","|-damage|p1a: Ferrothorn|101/289","|move|p1a: Ferrothorn|Spikes|p2a: Garchomp","|-sidestart|p2: asterat|Spikes","|","|-heal|p1a: Ferrothorn|119/289|[from] item: Leftovers","|turn|20","|callback|decision","|","|move|p2a: Garchomp|Earthquake|p1a: Ferrothorn","|-damage|p1a: Ferrothorn|7/289","|move|p1a: Ferrothorn|Power Whip|p2a: Garchomp","|-damage|p2a: Garchomp|192/358","|-damage|p1a: Ferrothorn|0 fnt|[from] ability: Rough Skin|[of] p2a: Garchomp","|faint|p1a: Ferrothorn","|","|callback|decision","|","|switch|p1a: Garchomp|Garchomp, M|178/358","|turn|21","|callback|decision","|chat|asterat|some bullshet","|","|switch|p2a: Ferrothorn|Ferrothorn, F|289/289","|-damage|p2a: Ferrothorn|253/289|[from] Spikes","|move|p1a: Garchomp|Earthquake|p2a: Ferrothorn","|-damage|p2a: Ferrothorn|154/289","|","|-heal|p2a: Ferrothorn|172/289|[from] item: Leftovers","|turn|22","|callback|decision","|","|move|p1a: Garchomp|Earthquake|p2a: Ferrothorn","|-damage|p2a: Ferrothorn|73/289","|move|p2a: Ferrothorn|Gyro Ball|p1a: Garchomp","|-damage|p1a: Garchomp|0 fnt","|-damage|p2a: Ferrothorn|37/289|[from] ability: Rough Skin|[of] p1a: Garchomp","|faint|p1a: Garchomp","|","|-heal|p2a: Ferrothorn|55/289|[from] item: Leftovers","|callback|decision","|","|switch|p1a: Heatran|Heatran, F|386/386","|turn|23","|callback|decision","|chat|asterat|who made this scrubsoup team","|","|switch|p2a: Heatran|Heatran, M|386/386","|-damage|p2a: Heatran|338/386|[from] Spikes","|move|p1a: Heatran|Roar|p2a: Heatran","|drag|p2a: Watrirield|Watrirield|312/312","|-damage|p2a: Watrirield|273/312|[from] Spikes","|","|turn|24","|callback|decision","|","|switch|p1a: Gazceit|Gazceit, M|252/252","|move|p2a: Watrirield|Earthquake|p1a: Gazceit","|-enditem|p1a: Gazceit|Focus Sash","|-damage|p1a: Gazceit|1/252","|","|turn|25","|callback|decision","|","|switch|p2a: Ferrothorn|Ferrothorn, F|55/289","|-damage|p2a: Ferrothorn|19/289|[from] Spikes","|move|p1a: Gazceit|Void Horn|p2a: Ferrothorn","|-resisted|p2a: Ferrothorn","|-damage|p2a: Ferrothorn|0 fnt","|-damage|p1a: Gazceit|0 fnt|[from] ability: Iron Barbs|[of] p2a: Ferrothorn","|faint|p2a: Ferrothorn","|faint|p1a: Gazceit","|","|callback|decision","|","|switch|p1a: Watrirield|Watrirield|312/312","|switch|p2a: Tentacruel|Tentacruel, F|364/364","|-damage|p2a: Tentacruel|319/364|[from] Spikes","|turn|26","|callback|decision","|","|move|p1a: Watrirield|Earthquake|p2a: Tentacruel","|-crit|p2a: Tentacruel","|-supereffective|p2a: Tentacruel","|-damage|p2a: Tentacruel|0 fnt","|faint|p2a: Tentacruel","|","|callback|decision","|","|switch|p2a: Watrirield|Watrirield|273/312","|-damage|p2a: Watrirield|234/312|[from] Spikes","|turn|27","|callback|decision","|","|switch|p1a: Tentacruel|Tentacruel, F|364/364","|move|p2a: Watrirield|Close Combat|p1a: Tentacruel","|-resisted|p1a: Tentacruel","|-damage|p1a: Tentacruel|283/364","|-unboost|p2a: Watrirield|def|1","|-unboost|p2a: Watrirield|spd|1","|","|-heal|p1a: Tentacruel|305/364|[from] item: Black Sludge","|turn|28","|callback|decision","|chat|asterat|crit mattered though","|chat|asterat|bno","|","|switch|p2a: Gazceit|Gazceit, M|252/252","|-damage|p2a: Gazceit|221/252|[from] Spikes","|move|p1a: Tentacruel|Ice Beam|p2a: Gazceit","|-damage|p2a: Gazceit|71/252","|-status|p2a: Gazceit|frz","|","|-heal|p1a: Tentacruel|327/364|[from] item: Black Sludge","|turn|29","|callback|decision","|","|cant|p2a: Gazceit|frz","|move|p1a: Tentacruel|Ice Beam|p2a: Gazceit","|-damage|p2a: Gazceit|0 fnt","|faint|p2a: Gazceit","|","|-heal|p1a: Tentacruel|349/364|[from] item: Black Sludge","|callback|decision","|","|switch|p2a: Garchomp|Garchomp, M|192/358","|-damage|p2a: Garchomp|148/358|[from] Spikes","|turn|30","|callback|decision","|","|move|p2a: Garchomp|Earthquake|p1a: Tentacruel","|-supereffective|p1a: Tentacruel","|-damage|p1a: Tentacruel|19/364","|move|p1a: Tentacruel|Ice Beam|p2a: Garchomp","|-supereffective|p2a: Garchomp","|-damage|p2a: Garchomp|0 fnt","|faint|p2a: Garchomp","|","|-heal|p1a: Tentacruel|41/364|[from] item: Black Sludge","|callback|decision","|chat|Snaquaza|o.0","|chat|asterat|wtf is this dumbass ier","|","|switch|p2a: Watrirield|Watrirield|234/312","|-damage|p2a: Watrirield|195/312|[from] Spikes","|turn|31","|callback|decision","|","|move|p2a: Watrirield|Close Combat|p1a: Tentacruel","|-resisted|p1a: Tentacruel","|-damage|p1a: Tentacruel|0 fnt","|-unboost|p2a: Watrirield|def|1","|-unboost|p2a: Watrirield|spd|1","|faint|p1a: Tentacruel","|","|callback|decision","|","|switch|p1a: Heatran|Heatran, F|386/386","|turn|32","|callback|decision","|","|move|p2a: Watrirield|Close Combat|p1a: Heatran","|-supereffective|p1a: Heatran","|-damage|p1a: Heatran|42/386","|-unboost|p2a: Watrirield|def|1","|-unboost|p2a: Watrirield|spd|1","|move|p1a: Heatran|Fire Blast|p2a: Watrirield","|-damage|p2a: Watrirield|0 fnt","|faint|p2a: Watrirield","|","|-heal|p1a: Heatran|66/386|[from] item: Leftovers","|callback|decision","|chat|asterat|why ","|chat|asterat|this tier magod","|","|switch|p2a: Heatran|Heatran, M|338/386","|-damage|p2a: Heatran|290/386|[from] Spikes","|turn|33","|callback|decision","|chat|Snaquaza|you could also just make a better team -.-'","|chat|asterat|idk the mons","|","|switch|p1a: Watrirield|Watrirield|312/312","|move|p2a: Heatran|Substitute|p2a: Heatran","|-start|p2a: Heatran|Substitute","|-damage|p2a: Heatran|194/386","|","|-heal|p2a: Heatran|218/386|[from] item: Leftovers","|turn|34","|callback|decision","|","|move|p1a: Watrirield|Earthquake|p2a: Heatran","|-supereffective|p2a: Heatran","|-end|p2a: Heatran|Substitute","|move|p2a: Heatran|Fire Blast|p1a: Watrirield|[miss]","|-miss|p2a: Heatran|p1a: Watrirield","|","|-heal|p2a: Heatran|242/386|[from] item: Leftovers","|turn|35","|callback|decision","|chat|asterat|whowhsowohshwojwowewweea","|","|move|p1a: Watrirield|Earthquake|p2a: Heatran","|-supereffective|p2a: Heatran","|-damage|p2a: Heatran|0 fnt","|faint|p2a: Heatran","|","|win|Snaquaza"],"p1rating":{"entryid":459757,"formatid":"tervariou","userid":"snaquaza","username":"Snaquaza","r":1500,"rd":350,"sigma":0.06,"rpr":1662.3108925672,"rprd":290.31896252483,"rpsigma":0.059999269601799,"gxe":63,"rptime":1384128000,"w":1,"l":0,"t":0,"acre":1253.5671558013,"lacre":-3746.4328441987,"oldacre":1007.0121159332,"oldrdacre":1169.3230085004},"p2rating":{"entryid":459758,"formatid":"tervariou","userid":"asterat","username":"asterat","r":1500,"rd":350,"sigma":0.06,"rpr":1337.6891074328,"rprd":290.31896252483,"rpsigma":0.059999269601799,"gxe":37,"rptime":1384128000,"w":0,"l":1,"t":0,"acre":928.9453706669,"lacre":-4071.0546293331,"oldacre":1007.0121159332,"oldrdacre":844.70122336593},"endType":"normal"}