{"turns":37,"p1":"Gerord Goggling","p2":"RealPresent","p1team":[{"name":"Witcheance","species":"Witcheance","gender":"","item":"Leftovers","ability":"Serene Grace","evs":{"hp":4,"atk":0,"def":0,"spa":252,"spd":0,"spe":252},"nature":"Timid","moves":["Vendetta","Spore","Energy Ball","Thunderbolt"],"ivs":{"hp":31,"atk":31,"def":31,"spa":31,"spd":31,"spe":31},"level":100,"forcedLevel":100},{"name":"Starmie","species":"Starmie","item":"Leftovers","ability":"Natural Cure","evs":{"spe":252,"spa":252,"spd":4,"hp":0,"atk":0,"def":0},"nature":"Timid","moves":["Rapid Spin","Ice Beam","Surf","Thunderbolt"],"ivs":{"hp":31,"atk":31,"def":31,"spa":31,"spd":31,"spe":31},"level":100,"forcedLevel":100},{"name":"Scizor","species":"Scizor","gender":"M","item":"Choice Band","ability":"Technician","shiny":true,"evs":{"hp":252,"atk":252,"def":0,"spa":0,"spd":4,"spe":0},"nature":"Adamant","moves":["Bullet Punch","U-turn","Superpower","Pursuit"],"ivs":{"hp":31,"atk":31,"def":31,"spa":31,"spd":31,"spe":31},"level":100,"forcedLevel":100},{"name":"Vinagon","species":"Vinagon","gender":"","item":"Leftovers","ability":"Shield Dust","evs":{"hp":252,"atk":0,"def":0,"spa":252,"spd":4,"spe":0},"nature":"Modest","moves":["Fire Blast","Draco Meteor","Leaf Storm","Recover"],"ivs":{"hp":31,"atk":31,"def":31,"spa":31,"spd":31,"spe":31},"level":100,"forcedLevel":100},{"name":"Heatran","species":"Heatran","gender":"M","item":"Leftovers","ability":"Flash Fire","shiny":true,"evs":{"hp":252,"atk":0,"def":0,"spa":4,"spd":252,"spe":0},"nature":"Calm","moves":["Lava Plume","Stealth Rock","Will-O-Wisp","Roar"],"ivs":{"hp":31,"atk":31,"def":31,"spa":31,"spd":31,"spe":31},"level":100,"forcedLevel":100},{"name":"Bouldemage","species":"Bouldemage","gender":"F","item":"Light Clay","ability":"Regenerator","evs":{"hp":252,"atk":0,"def":4,"spa":0,"spd":252,"spe":0},"nature":"Calm","moves":["Light Screen","Reflect","Toxic","Power Gem"],"ivs":{"hp":31,"atk":31,"def":31,"spa":31,"spd":31,"spe":31},"level":100,"forcedLevel":100}],"p2team":[{"name":"Hippowdon","species":"Hippowdon","gender":"F","item":"Leftovers","ability":"Sand Stream","shiny":true,"evs":{"hp":252,"atk":0,"def":4,"spa":0,"spd":252,"spe":0},"nature":"Careful","moves":["Slack Off","Earthquake","Stealth Rock","Whirlwind"],"ivs":{"hp":31,"atk":31,"def":31,"spa":31,"spd":31,"spe":31},"level":100,"forcedLevel":100},{"name":"Latias","species":"Latias","gender":"F","item":"Leftovers","ability":"Levitate","evs":{"hp":252,"atk":0,"def":4,"spa":0,"spd":0,"spe":252},"nature":"Timid","ivs":{"hp":31,"atk":2,"def":31,"spa":30,"spd":31,"spe":30},"moves":["Roost","Dragon Pulse","Calm Mind","Hidden Power Fire"],"level":100,"forcedLevel":100},{"name":"Skarmory","species":"Skarmory","gender":"","item":"Leftovers","ability":"Sturdy","evs":{"hp":252,"atk":0,"def":232,"spa":0,"spd":0,"spe":24},"nature":"Impish","moves":["Spikes","Roost","Whirlwind","Brave Bird"],"ivs":{"hp":31,"atk":31,"def":31,"spa":31,"spd":31,"spe":31},"level":100,"forcedLevel":100},{"name":"Roserade","species":"Roserade","gender":"F","item":"Leftovers","ability":"Natural Cure","shiny":true,"evs":{"hp":252,"atk":0,"def":40,"spa":0,"spd":24,"spe":192},"nature":"Careful","ivs":{"hp":31,"atk":2,"def":31,"spa":30,"spd":31,"spe":30},"moves":["Sleep Powder","Toxic Spikes","Giga Drain","Hidden Power Fire"],"level":100,"forcedLevel":100},{"name":"Stoutland","species":"Stoutland","gender":"","item":"Choice Band","ability":"Sand Rush","evs":{"hp":0,"atk":252,"def":4,"spa":0,"spd":0,"spe":252},"nature":"Adamant","moves":["Return","Superpower","Pursuit","Wild Charge"],"ivs":{"hp":31,"atk":31,"def":31,"spa":31,"spd":31,"spe":31},"level":100,"forcedLevel":100},{"name":"Jellicent","species":"Jellicent","gender":"F","item":"Leftovers","ability":"Water Absorb","shiny":true,"evs":{"hp":248,"atk":0,"def":156,"spa":0,"spd":0,"spe":104},"nature":"Bold","ivs":{"hp":31,"atk":0,"def":31,"spa":31,"spd":31,"spe":31},"moves":["Recover","Scald","Shadow Ball","Taunt"],"level":100,"forcedLevel":100}],"log":["|player|p1|Gerord Goggling|267","|player|p2|RealPresent|267","|gametype|singles","|tier|Tervari OU","|rated","|rule|Evasion Abilities Clause: Evasion abilities are banned","|clearpoke","|poke|p1|Witcheance, F","|poke|p1|Starmie","|poke|p1|Scizor, M, shiny","|poke|p1|Vinagon, F","|poke|p1|Heatran, M, shiny","|poke|p1|Bouldemage, F","|poke|p2|Hippowdon, F, shiny","|poke|p2|Latias, F","|poke|p2|Skarmory, M","|poke|p2|Roserade, F, shiny","|poke|p2|Stoutland, M","|poke|p2|Jellicent, F, shiny","|rule|Sleep Clause Mod: Limit one foe put to sleep","|rule|Species Clause: Limit one of each Pokemon","|rule|OHKO Clause: OHKO moves are banned","|rule|Moody Clause: Moody is banned","|rule|Evasion Moves Clause: Evasion moves are banned","|rule|HP Percentage Mod: HP is reported as percentages","|teampreview","|callback|decision","|chat|Gerord Goggling|.","|chat|RealPresent|o.o gerard goggling","|chat|Gerord Goggling|hue","|chat|Gerord Goggling|totally not nam","|","|start","|switch|p1a: Bouldemage|Bouldemage, F|414/414","|switch|p2a: Hippowdon|Hippowdon, F, shiny|420/420","|-weather|Sandstorm|[from] ability: Sand Stream|[of] p2a: Hippowdon","|turn|1","|callback|decision","|","|switch|p2a: Stoutland|Stoutland, M|311/311","|move|p1a: Bouldemage|Reflect|p1a: Bouldemage","|-sidestart|p1: Gerord Goggling|Reflect","|","|-weather|Sandstorm|[upkeep]","|turn|2","|callback|decision","|chat|RealPresent|what is that thing","|chat|RealPresent|?","|chat|Gerord Goggling|rock.psychic","|chat|Gerord Goggling|ability of mine=","|chat|Gerord Goggling|regenerator","|","|switch|p2a: Skarmory|Skarmory, M|334/334","|move|p1a: Bouldemage|Toxic|p2a: Skarmory","|-fail|p2a: Skarmory","|","|-weather|Sandstorm|[upkeep]","|turn|3","|callback|decision","|chat|Gerord Goggling|125 spdef","|chat|Gerord Goggling|75 spatk","|chat|Gerord Goggling|rest mediocre to low","|chat|Gerord Goggling|high hp","|chat|Gerord Goggling|105 i think","|chat|Gerord Goggling|bu trest is quite really low","|","|switch|p1a: Heatran|Heatran, M, shiny|386/386","|move|p2a: Skarmory|Spikes|p1a: Heatran","|-sidestart|p1: Gerord Goggling|Spikes","|","|-weather|Sandstorm|[upkeep]","|turn|4","|callback|decision","|","|switch|p2a: Hippowdon|Hippowdon, F, shiny|420/420","|move|p1a: Heatran|Stealth Rock|p2a: Hippowdon","|-sidestart|p2: RealPresent|move: Stealth Rock","|","|-weather|Sandstorm|[upkeep]","|turn|5","|callback|decision","|chat|Gerord Goggling|so not op","|","|move|p1a: Heatran|Will-O-Wisp|p2a: Hippowdon","|-status|p2a: Hippowdon|brn","|move|p2a: Hippowdon|Stealth Rock|p1a: Heatran","|-sidestart|p1: Gerord Goggling|move: Stealth Rock","|","|-weather|Sandstorm|[upkeep]","|-damage|p2a: Hippowdon|368/420 brn|[from] brn","|turn|6","|callback|decision","|chat|Gerord Goggling|i goggle and you?","|","|switch|p1a: Starmie|Starmie|261/261","|-damage|p1a: Starmie|229/261|[from] Stealth Rock","|-damage|p1a: Starmie|197/261|[from] Spikes","|move|p2a: Hippowdon|Earthquake|p1a: Starmie","|-damage|p1a: Starmie|159/261","|","|-weather|Sandstorm|[upkeep]","|-damage|p1a: Starmie|143/261|[from] sandstorm","|-heal|p1a: Starmie|159/261|[from] item: Leftovers","|-heal|p2a: Hippowdon|394/420 brn|[from] item: Leftovers","|-damage|p2a: Hippowdon|342/420 brn|[from] brn","|turn|7","|callback|decision","|chat|Snaquaza|._.'","|","|switch|p2a: Jellicent|Jellicent, F, shiny|403/403","|-damage|p2a: Jellicent|353/403|[from] Stealth Rock","|move|p1a: Starmie|Rapid Spin|p2a: Jellicent","|-immune|p2a: Jellicent|[msg]","|","|-weather|Sandstorm|[upkeep]","|-damage|p1a: Starmie|143/261|[from] sandstorm","|-damage|p2a: Jellicent|328/403|[from] sandstorm","|-heal|p1a: Starmie|159/261|[from] item: Leftovers","|-heal|p2a: Jellicent|353/403|[from] item: Leftovers","|turn|8","|callback|decision","|","|move|p1a: Starmie|Thunderbolt|p2a: Jellicent","|-supereffective|p2a: Jellicent","|-damage|p2a: Jellicent|167/403","|move|p2a: Jellicent|Shadow Ball|p1a: Starmie","|-supereffective|p1a: Starmie","|-damage|p1a: Starmie|0 fnt","|faint|p1a: Starmie","|","|-weather|Sandstorm|[upkeep]","|-damage|p2a: Jellicent|142/403|[from] sandstorm","|-heal|p2a: Jellicent|167/403|[from] item: Leftovers","|-sideend|p1: Gerord Goggling|Reflect","|callback|decision","|chat|RealPresent|no rapid spin ty","|","|switch|p1a: Witcheance|Witcheance, F|270/270","|-damage|p1a: Witcheance|237/270|[from] Stealth Rock","|-damage|p1a: Witcheance|204/270|[from] Spikes","|turn|9","|callback|decision","|","|move|p1a: Witcheance|Spore|p2a: Jellicent","|-status|p2a: Jellicent|slp","|cant|p2a: Jellicent|slp","|","|-weather|Sandstorm|[upkeep]","|-damage|p1a: Witcheance|188/270|[from] sandstorm","|-damage|p2a: Jellicent|142/403 slp|[from] sandstorm","|-heal|p1a: Witcheance|204/270|[from] item: Leftovers","|-heal|p2a: Jellicent|167/403 slp|[from] item: Leftovers","|turn|10","|callback|decision","|chat|RealPresent|yep it still got spore","|","|switch|p2a: Roserade|Roserade, F, shiny|324/324","|-damage|p2a: Roserade|284/324|[from] Stealth Rock","|move|p1a: Witcheance|Vendetta|p2a: Roserade","|-damage|p2a: Roserade|110/324","|","|-weather|Sandstorm|[upkeep]","|-damage|p1a: Witcheance|188/270|[from] sandstorm","|-damage|p2a: Roserade|90/324|[from] sandstorm","|-heal|p1a: Witcheance|204/270|[from] item: Leftovers","|-heal|p2a: Roserade|110/324|[from] item: Leftovers","|turn|11","|callback|decision","|chat|Snaquaza|of course","|chat|Snaquaza|xD","|chat|Snaquaza|why wouldn't it","|chat|RealPresent|dunno","|chat|RealPresent|still quite op with that speed","|chat|Gerord Goggling|prob should've odne vendetta but could've missed","|chat|RealPresent|1 guaranteed kill per match","|chat|Gerord Goggling|and didn't know if other moves ko'd","|","|move|p1a: Witcheance|Vendetta|p2a: Roserade","|-damage|p2a: Roserade|0 fnt","|faint|p2a: Roserade","|","|-weather|Sandstorm|[upkeep]","|-damage|p1a: Witcheance|188/270|[from] sandstorm","|-heal|p1a: Witcheance|204/270|[from] item: Leftovers","|callback|decision","|","|switch|p2a: Stoutland|Stoutland, M|311/311","|-damage|p2a: Stoutland|273/311|[from] Stealth Rock","|turn|12","|callback|decision","|chat|Gerord Goggling|i'm not registering this one","|chat|Snaquaza|lol Stoutland","|chat|Snaquaza|why not nam","|chat|Gerord Goggling|but it is still a nice name","|chat|Gerord Goggling|xD","|chat|Gerord Goggling|an doyu can hav eit ","|chat|Gerord Goggling|o3o","|","|move|p2a: Stoutland|Pursuit|p1a: Witcheance|[from]Pursuit","|-crit|p1a: Witcheance","|-supereffective|p1a: Witcheance","|-damage|p1a: Witcheance|0 fnt","|faint|p1a: Witcheance","|","|-weather|Sandstorm|[upkeep]","|callback|decision","|chat|Gerord Goggling|derp","|chat|Gerord Goggling|pursuit was always ko","|","|switch|p1a: Heatran|Heatran, M, shiny|386/386","|-damage|p1a: Heatran|338/386|[from] Spikes","|-damage|p1a: Heatran|290/386|[from] Stealth Rock","|turn|13","|callback|decision","|","|switch|p2a: Hippowdon|Hippowdon, F, shiny|342/420 brn","|-damage|p2a: Hippowdon|316/420 brn|[from] Stealth Rock","|move|p1a: Heatran|Lava Plume|p2a: Hippowdon","|-damage|p2a: Hippowdon|205/420 brn","|","|-weather|Sandstorm|[upkeep]","|-heal|p1a: Heatran|314/386|[from] item: Leftovers","|-heal|p2a: Hippowdon|231/420 brn|[from] item: Leftovers","|-damage|p2a: Hippowdon|179/420 brn|[from] brn","|turn|14","|callback|decision","|","|switch|p1a: Bouldemage|Bouldemage, F|414/414","|-damage|p1a: Bouldemage|363/414|[from] Stealth Rock","|-damage|p1a: Bouldemage|312/414|[from] Spikes","|move|p2a: Hippowdon|Slack Off|p2a: Hippowdon","|-heal|p2a: Hippowdon|389/420 brn","|","|-weather|Sandstorm|[upkeep]","|-heal|p2a: Hippowdon|415/420 brn|[from] item: Leftovers","|-damage|p2a: Hippowdon|363/420 brn|[from] brn","|turn|15","|callback|decision","|","|switch|p2a: Latias|Latias, F|364/364","|-damage|p2a: Latias|319/364|[from] Stealth Rock","|move|p1a: Bouldemage|Reflect|p1a: Bouldemage","|-sidestart|p1: Gerord Goggling|Reflect","|","|-weather|Sandstorm|[upkeep]","|-damage|p2a: Latias|297/364|[from] sandstorm","|-heal|p2a: Latias|319/364|[from] item: Leftovers","|turn|16","|callback|decision","|","|move|p2a: Latias|Calm Mind|p2a: Latias","|-boost|p2a: Latias|spa|1","|-boost|p2a: Latias|spd|1","|move|p1a: Bouldemage|Toxic|p2a: Latias","|-status|p2a: Latias|tox","|","|-weather|Sandstorm|[upkeep]","|-damage|p2a: Latias|297/364 tox|[from] sandstorm","|-heal|p2a: Latias|319/364 tox|[from] item: Leftovers","|-damage|p2a: Latias|297/364 tox|[from] psn","|turn|17","|callback|decision","|chat|RealPresent|it got toxic","|chat|RealPresent|._.","|chat|Gerord Goggling|ofcourse","|chat|Gerord Goggling|reflect/light screen","|","|move|p2a: Latias|Dragon Pulse|p1a: Bouldemage","|-damage|p1a: Bouldemage|237/414","|move|p1a: Bouldemage|Light Screen|p1a: Bouldemage","|-sidestart|p1: Gerord Goggling|move: Light Screen","|","|-weather|Sandstorm|[upkeep]","|-damage|p2a: Latias|275/364 tox|[from] sandstorm","|-heal|p2a: Latias|297/364 tox|[from] item: Leftovers","|-damage|p2a: Latias|253/364 tox|[from] psn","|turn|18","|callback|decision","|chat|Gerord Goggling|and two others","|chat|Gerord Goggling|one you knwo","|chat|Gerord Goggling|hue","|","|switch|p2a: Skarmory|Skarmory, M|334/334","|-damage|p2a: Skarmory|293/334|[from] Stealth Rock","|switch|p1a: Heatran|Heatran, M, shiny|314/386","|-damage|p1a: Heatran|266/386|[from] Spikes","|-damage|p1a: Heatran|218/386|[from] Stealth Rock","|","|-weather|Sandstorm|[upkeep]","|-heal|p1a: Heatran|242/386|[from] item: Leftovers","|-heal|p2a: Skarmory|313/334|[from] item: Leftovers","|turn|19","|callback|decision","|","|switch|p2a: Hippowdon|Hippowdon, F, shiny|363/420 brn","|-damage|p2a: Hippowdon|337/420 brn|[from] Stealth Rock","|move|p1a: Heatran|Lava Plume|p2a: Hippowdon","|-damage|p2a: Hippowdon|229/420 brn","|","|-weather|Sandstorm|[upkeep]","|-heal|p1a: Heatran|266/386|[from] item: Leftovers","|-heal|p2a: Hippowdon|255/420 brn|[from] item: Leftovers","|-damage|p2a: Hippowdon|203/420 brn|[from] brn","|turn|20","|callback|decision","|","|move|p2a: Hippowdon|Slack Off|p2a: Hippowdon","|-heal|p2a: Hippowdon|413/420 brn","|move|p1a: Heatran|Roar|p2a: Hippowdon","|drag|p2a: Skarmory|Skarmory, M|313/334","|-damage|p2a: Skarmory|272/334|[from] Stealth Rock","|","|-weather|Sandstorm|[upkeep]","|-heal|p1a: Heatran|290/386|[from] item: Leftovers","|-heal|p2a: Skarmory|292/334|[from] item: Leftovers","|turn|21","|callback|decision","|","|switch|p2a: Hippowdon|Hippowdon, F, shiny|413/420 brn","|-damage|p2a: Hippowdon|387/420 brn|[from] Stealth Rock","|move|p1a: Heatran|Roar|p2a: Hippowdon","|drag|p2a: Jellicent|Jellicent, F, shiny|167/403 slp","|-damage|p2a: Jellicent|117/403 slp|[from] Stealth Rock","|","|-weather|Sandstorm|[upkeep]","|-damage|p2a: Jellicent|92/403 slp|[from] sandstorm","|-heal|p1a: Heatran|314/386|[from] item: Leftovers","|-heal|p2a: Jellicent|117/403 slp|[from] item: Leftovers","|turn|22","|callback|decision","|","|move|p1a: Heatran|Lava Plume|p2a: Jellicent","|-resisted|p2a: Jellicent","|-damage|p2a: Jellicent|57/403 slp","|cant|p2a: Jellicent|slp","|","|-weather|Sandstorm|[upkeep]","|-damage|p2a: Jellicent|32/403 slp|[from] sandstorm","|-heal|p1a: Heatran|338/386|[from] item: Leftovers","|-heal|p2a: Jellicent|57/403 slp|[from] item: Leftovers","|-sideend|p1: Gerord Goggling|Reflect","|turn|23","|callback|decision","|","|move|p1a: Heatran|Lava Plume|p2a: Jellicent","|-resisted|p2a: Jellicent","|-damage|p2a: Jellicent|0 fnt","|faint|p2a: Jellicent","|","|-weather|Sandstorm|[upkeep]","|-heal|p1a: Heatran|362/386|[from] item: Leftovers","|callback|decision","|chat|Gerord Goggling|nuu","|chat|Gerord Goggling|my reflect","|chat|Gerord Goggling|;-;","|","|switch|p2a: Stoutland|Stoutland, M|273/311","|-damage|p2a: Stoutland|235/311|[from] Stealth Rock","|turn|24","|callback|decision","|","|move|p2a: Stoutland|Superpower|p1a: Heatran","|-supereffective|p1a: Heatran","|-damage|p1a: Heatran|0 fnt","|-unboost|p2a: Stoutland|atk|1","|-unboost|p2a: Stoutland|def|1","|faint|p1a: Heatran","|","|-weather|Sandstorm|[upkeep]","|-sideend|p1: Gerord Goggling|move: Light Screen","|callback|decision","|chat|Gerord Goggling|o.o","|chat|Snaquaza|1\tSnaquaza\t1254\t63.0\t1662 ± 290 (provisional)","|chat|Snaquaza|2\tEneomas\t1254\t63.0\t1662 ± 290 (provisional)","|chat|Gerord Goggling|didn't expect that","|chat|Snaquaza|3\tasterat\t929\t37.0\t1338 ± 290 (provisional)","|chat|Snaquaza|4\tNaminé\t929\t37.0\t1338 ± 290 (provisional)","|chat|Gerord Goggling|lol i only did one","|chat|Gerord Goggling|should prob switch names","|chat|Snaquaza|ya me too","|chat|Snaquaza|xD","|chat|Snaquaza|yup","|chat|Gerord Goggling|if i win","|chat|RealPresent|I did 0","|chat|Gerord Goggling|if i loe not","|chat|Gerord Goggling|:P","|","|switch|p1a: Scizor|Scizor, M, shiny|344/344","|-damage|p1a: Scizor|301/344|[from] Stealth Rock","|-damage|p1a: Scizor|258/344|[from] Spikes","|turn|25","|callback|decision","|chat|Snaquaza|yup beat RP so he loses points!!!!!!!","|","|move|p1a: Scizor|Pursuit|p2a: Stoutland|[from]Pursuit","|-damage|p2a: Stoutland|0 fnt","|faint|p2a: Stoutland","|","|-weather|Sandstorm|[upkeep]","|callback|decision","|chat|Gerord Goggling|LOL","|","|switch|p2a: Latias|Latias, F|253/364 tox","|-damage|p2a: Latias|208/364 tox|[from] Stealth Rock","|turn|26","|callback|decision","|","|move|p2a: Latias|Hidden Power|p1a: Scizor","|-supereffective|p1a: Scizor","|-damage|p1a: Scizor|0 fnt","|faint|p1a: Scizor","|","|-weather|Sandstorm|[upkeep]","|-damage|p2a: Latias|186/364 tox|[from] sandstorm","|-heal|p2a: Latias|208/364 tox|[from] item: Leftovers","|-damage|p2a: Latias|186/364 tox|[from] psn","|callback|decision","|","|switch|p1a: Bouldemage|Bouldemage, F|375/414","|-damage|p1a: Bouldemage|324/414|[from] Stealth Rock","|-damage|p1a: Bouldemage|273/414|[from] Spikes","|turn|27","|callback|decision","|chat|Gerord Goggling|should prob name it boulde wrath","|","|move|p2a: Latias|Roost|p2a: Latias","|-heal|p2a: Latias|364/364 tox","|move|p1a: Bouldemage|Light Screen|p1a: Bouldemage","|-sidestart|p1: Gerord Goggling|move: Light Screen","|","|-weather|Sandstorm|[upkeep]","|-damage|p2a: Latias|342/364 tox|[from] sandstorm","|-heal|p2a: Latias|364/364 tox|[from] item: Leftovers","|-damage|p2a: Latias|320/364 tox|[from] psn","|turn|28","|callback|decision","|","|switch|p2a: Hippowdon|Hippowdon, F, shiny|387/420 brn","|-damage|p2a: Hippowdon|361/420 brn|[from] Stealth Rock","|move|p1a: Bouldemage|Power Gem|p2a: Hippowdon","|-crit|p2a: Hippowdon","|-resisted|p2a: Hippowdon","|-damage|p2a: Hippowdon|308/420 brn","|","|-weather|Sandstorm|[upkeep]","|-heal|p2a: Hippowdon|334/420 brn|[from] item: Leftovers","|-damage|p2a: Hippowdon|282/420 brn|[from] brn","|turn|29","|callback|decision","|","|move|p1a: Bouldemage|Reflect|p1a: Bouldemage","|-sidestart|p1: Gerord Goggling|Reflect","|move|p2a: Hippowdon|Whirlwind|p1a: Bouldemage","|drag|p1a: Vinagon|Vinagon, F|504/504","|-damage|p1a: Vinagon|441/504|[from] Stealth Rock","|-damage|p1a: Vinagon|378/504|[from] Spikes","|","|-weather|Sandstorm|[upkeep]","|-damage|p1a: Vinagon|347/504|[from] sandstorm","|-heal|p1a: Vinagon|378/504|[from] item: Leftovers","|-heal|p2a: Hippowdon|308/420 brn|[from] item: Leftovers","|-damage|p2a: Hippowdon|256/420 brn|[from] brn","|turn|30","|callback|decision","|","|switch|p2a: Skarmory|Skarmory, M|292/334","|-damage|p2a: Skarmory|251/334|[from] Stealth Rock","|move|p1a: Vinagon|Leaf Storm|p2a: Skarmory","|-resisted|p2a: Skarmory","|-damage|p2a: Skarmory|167/334","|-unboost|p1a: Vinagon|spa|2","|","|-weather|Sandstorm|[upkeep]","|-damage|p1a: Vinagon|347/504|[from] sandstorm","|-heal|p1a: Vinagon|378/504|[from] item: Leftovers","|-heal|p2a: Skarmory|187/334|[from] item: Leftovers","|turn|31","|callback|decision","|chat|Gerord Goggling|that is quite alot","|chat|Gerord Goggling|for 4times resist","|","|move|p1a: Vinagon|Fire Blast|p2a: Skarmory","|-supereffective|p2a: Skarmory","|-damage|p2a: Skarmory|0 fnt","|faint|p2a: Skarmory","|","|-weather|Sandstorm|[upkeep]","|-damage|p1a: Vinagon|347/504|[from] sandstorm","|-heal|p1a: Vinagon|378/504|[from] item: Leftovers","|callback|decision","|chat|RealPresent|yeah","|","|switch|p2a: Latias|Latias, F|320/364 tox","|-damage|p2a: Latias|275/364 tox|[from] Stealth Rock","|turn|32","|callback|decision","|","|move|p2a: Latias|Dragon Pulse|p1a: Vinagon","|-supereffective|p1a: Vinagon","|-damage|p1a: Vinagon|248/504","|move|p1a: Vinagon|Recover|p1a: Vinagon","|-heal|p1a: Vinagon|500/504","|","|-weather|Sandstorm|[upkeep]","|-damage|p2a: Latias|253/364 tox|[from] sandstorm","|-damage|p1a: Vinagon|469/504|[from] sandstorm","|-heal|p2a: Latias|275/364 tox|[from] item: Leftovers","|-heal|p1a: Vinagon|500/504|[from] item: Leftovers","|-damage|p2a: Latias|253/364 tox|[from] psn","|turn|33","|callback|decision","|chat|RealPresent|o.o bulk","|chat|Gerord Goggling|bulk","|chat|Gerord Goggling|o.o","|","|move|p2a: Latias|Calm Mind|p2a: Latias","|-boost|p2a: Latias|spa|1","|-boost|p2a: Latias|spd|1","|move|p1a: Vinagon|Draco Meteor|p2a: Latias","|-supereffective|p2a: Latias","|-damage|p2a: Latias|109/364 tox","|-unboost|p1a: Vinagon|spa|2","|","|-weather|Sandstorm|[upkeep]","|-damage|p2a: Latias|87/364 tox|[from] sandstorm","|-damage|p1a: Vinagon|469/504|[from] sandstorm","|-heal|p2a: Latias|109/364 tox|[from] item: Leftovers","|-heal|p1a: Vinagon|500/504|[from] item: Leftovers","|-damage|p2a: Latias|65/364 tox|[from] psn","|turn|34","|callback|decision","|chat|RealPresent|well light zcreen","|chat|Gerord Goggling|light screen","|","|switch|p1a: Bouldemage|Bouldemage, F|411/414","|-damage|p1a: Bouldemage|360/414|[from] Stealth Rock","|-damage|p1a: Bouldemage|309/414|[from] Spikes","|move|p2a: Latias|Roost|p2a: Latias","|-heal|p2a: Latias|247/364 tox","|","|-weather|Sandstorm|[upkeep]","|-damage|p2a: Latias|225/364 tox|[from] sandstorm","|-heal|p2a: Latias|247/364 tox|[from] item: Leftovers","|-damage|p2a: Latias|181/364 tox|[from] psn","|-sideend|p1: Gerord Goggling|move: Light Screen","|turn|35","|callback|decision","|chat|Gerord Goggling|more bulk specially","|chat|Meloetta<3V|zcreen","|","|move|p2a: Latias|Dragon Pulse|p1a: Bouldemage","|-damage|p1a: Bouldemage|234/414","|move|p1a: Bouldemage|Light Screen|p1a: Bouldemage","|-sidestart|p1: Gerord Goggling|move: Light Screen","|","|-weather|Sandstorm|[upkeep]","|-damage|p2a: Latias|159/364 tox|[from] sandstorm","|-heal|p2a: Latias|181/364 tox|[from] item: Leftovers","|-damage|p2a: Latias|93/364 tox|[from] psn","|turn|36","|callback|decision","|chat|Gerord Goggling|lol","|chat|Gerord Goggling|goggling","|chat|RealPresent|crit!","|chat|Meloetta<3V|gerard roggeling io","|chat|RealPresent|.","|chat|Gerord Goggling|.","|","|switch|p1a: Vinagon|Vinagon, F|500/504","|-damage|p1a: Vinagon|437/504|[from] Spikes","|-damage|p1a: Vinagon|374/504|[from] Stealth Rock","|move|p2a: Latias|Dragon Pulse|p1a: Vinagon","|-supereffective|p1a: Vinagon","|-damage|p1a: Vinagon|181/504","|","|-weather|Sandstorm|[upkeep]","|-damage|p2a: Latias|71/364 tox|[from] sandstorm","|-damage|p1a: Vinagon|150/504|[from] sandstorm","|-heal|p2a: Latias|93/364 tox|[from] item: Leftovers","|-heal|p1a: Vinagon|181/504|[from] item: Leftovers","|-damage|p2a: Latias|0 fnt|[from] psn","|-sideend|p1: Gerord Goggling|Reflect","|faint|p2a: Latias","|callback|decision","|chat|Snaquaza|isn't Bouldemage outclassed by Claydol?","|","|switch|p2a: Hippowdon|Hippowdon, F, shiny|256/420 brn","|-damage|p2a: Hippowdon|230/420 brn|[from] Stealth Rock","|turn|37","|callback|decision","|chat|Gerord Goggling|nope","|chat|Snaquaza|worse typing","|chat|Gerord Goggling|regenerator","|chat|Snaquaza|no Rapid Spin","|chat|Snaquaza|it only has regen indeed","|chat|Gerord Goggling|more bulk specially","|chat|Gerord Goggling|well if you say it is outclasse","|chat|Gerord Goggling|dby an uu","|chat|Gerord Goggling|it means not op","|chat|Snaquaza|it probs gets RU","|chat|Gerord Goggling|so ru/nu in your oppinion","|chat|RealPresent|dual screens + regenerator is quite good","|chat|Gerord Goggling|^^","|chat|Snaquaza|or even NU tbh","|","|move|p1a: Vinagon|Leaf Storm|p2a: Hippowdon","|-supereffective|p2a: Hippowdon","|-damage|p2a: Hippowdon|0 fnt","|-unboost|p1a: Vinagon|spa|2","|faint|p2a: Hippowdon","|","|win|Gerord Goggling"],"p1rating":{"entryid":468582,"formatid":"tervariou","userid":"gerordgoggling","username":"Gerord Goggling","r":1500,"rd":350,"sigma":0.06,"rpr":1662.3108925672,"rprd":290.31896252483,"rpsigma":0.059999269601799,"gxe":63,"rptime":1384128000,"w":1,"l":0,"t":0,"acre":1253.5671558013,"lacre":-3746.4328441987,"oldacre":1007.0121159332,"oldrdacre":1169.3230085004},"p2rating":{"entryid":468583,"formatid":"tervariou","userid":"realpresent","username":"RealPresent","r":1500,"rd":350,"sigma":0.06,"rpr":1337.6891074328,"rprd":290.31896252483,"rpsigma":0.059999269601799,"gxe":37,"rptime":1384128000,"w":0,"l":1,"t":0,"acre":928.9453706669,"lacre":-4071.0546293331,"oldacre":1007.0121159332,"oldrdacre":844.70122336593},"endType":"normal"}