{"turns":27,"p1":"ϟ Umbreon Queen 13","p2":"ShadowFromNorth","p1team":[{"name":"Misdreavus","moves":["hiddenpowerfighting","thunderbolt","substitute","shadowball"],"ability":"Levitate","evs":{"hp":85,"atk":85,"def":85,"spa":85,"spd":85,"spe":85},"ivs":{"hp":31,"atk":31,"def":30,"spa":30,"spd":30,"spe":30},"item":"Leftovers","level":95,"shiny":false},{"name":"Magneton","moves":["thunderbolt","flashcannon","substitute","hiddenpowerice"],"ability":"Magnet Pull","evs":{"hp":85,"atk":85,"def":85,"spa":85,"spd":85,"spe":85},"ivs":{"hp":31,"atk":30,"def":30,"spa":31,"spd":31,"spe":31},"item":"Air Balloon","level":82,"shiny":false},{"name":"Chimchar","moves":["fakeout","overheat","stealthrock","hiddenpowergrass"],"ability":"Blaze","evs":{"hp":85,"atk":85,"def":85,"spa":85,"spd":85,"spe":85},"ivs":{"hp":31,"atk":30,"def":31,"spa":30,"spd":31,"spe":31},"item":"Air Balloon","level":95,"shiny":false},{"name":"Jellicent","moves":["willowisp","shadowball","gigadrain","toxic"],"ability":"Water Absorb","evs":{"hp":85,"atk":85,"def":85,"spa":85,"spd":85,"spe":85},"ivs":{"hp":31,"atk":31,"def":31,"spa":31,"spd":31,"spe":31},"item":"Leftovers","level":74,"shiny":false},{"name":"Blaziken","moves":["flareblitz","swordsdance","bravebird","batonpass"],"ability":"Speed Boost","evs":{"hp":85,"atk":85,"def":85,"spa":85,"spd":85,"spe":85},"ivs":{"hp":31,"atk":31,"def":31,"spa":31,"spd":31,"spe":31},"item":"Air Balloon","level":74,"shiny":false},{"name":"Bouffalant","moves":["superpower","megahorn","headcharge","stoneedge"],"ability":"Reckless","evs":{"hp":85,"atk":85,"def":85,"spa":85,"spd":85,"spe":85},"ivs":{"hp":31,"atk":31,"def":31,"spa":31,"spd":31,"spe":31},"item":"Choice Band","level":82,"shiny":false}],"p2team":[{"name":"Klinklang","moves":["shiftgear","wildcharge","geargrind","return"],"ability":"Clear Body","evs":{"hp":85,"atk":85,"def":85,"spa":85,"spd":85,"spe":85},"ivs":{"hp":31,"atk":31,"def":31,"spa":31,"spd":31,"spe":31},"item":"Life Orb","level":82,"shiny":false},{"name":"Wooper","moves":["yawn","toxic","recover","stockpile"],"ability":"Water Absorb","evs":{"hp":85,"atk":85,"def":85,"spa":85,"spd":85,"spe":85},"ivs":{"hp":31,"atk":31,"def":31,"spa":31,"spd":31,"spe":31},"item":"Leftovers","level":95,"shiny":false},{"name":"Wartortle","moves":["icebeam","toxic","rapidspin","hydropump"],"ability":"Rain Dish","evs":{"hp":85,"atk":85,"def":85,"spa":85,"spd":85,"spe":85},"ivs":{"hp":31,"atk":31,"def":31,"spa":31,"spd":31,"spe":31},"item":"Life Orb","level":90,"shiny":false},{"name":"Shaymin","moves":["rest","airslash","hiddenpowerfire","seedflare"],"ability":"Natural Cure","evs":{"hp":85,"atk":85,"def":85,"spa":85,"spd":85,"spe":85},"ivs":{"hp":31,"atk":30,"def":31,"spa":30,"spd":31,"spe":30},"item":"Leftovers","level":78,"shiny":false},{"name":"Mienshao","moves":["swordsdance","drainpunch","fakeout","batonpass"],"ability":"Regenerator","evs":{"hp":85,"atk":85,"def":85,"spa":85,"spd":85,"spe":85},"ivs":{"hp":31,"atk":31,"def":31,"spa":31,"spd":31,"spe":31},"item":"Leftovers","level":78,"shiny":false},{"name":"Raikou","moves":["aurasphere","calmmind","substitute","thunderbolt"],"ability":"Volt Absorb","evs":{"hp":85,"atk":85,"def":85,"spa":85,"spd":85,"spe":85},"ivs":{"hp":31,"atk":31,"def":31,"spa":31,"spd":31,"spe":31},"item":"Leftovers","level":78,"shiny":false}],"log":["|player|p1|ϟ Umbreon Queen 13|96","|player|p2|ShadowFromNorth|70","|gametype|singles","|tier|Tervari Random Battle","|rated","|rule|Sleep Clause Mod: Limit one foe put to sleep","|rule|HP Percentage Mod: HP is reported as percentages","|","|start","|switch|p1a: Misdreavus|Misdreavus, L95, M|268/268","|switch|p2a: Klinklang|Klinklang, L82|233/233","|turn|1","|callback|decision","|player|p2","|player|p2|ShadowFromNorth|70","|callback|decision","|","|move|p1a: Misdreavus|Hidden Power|p2a: Klinklang","|-supereffective|p2a: Klinklang","|-damage|p2a: Klinklang|121/233","|move|p2a: Klinklang|Wild Charge|p1a: Misdreavus","|-damage|p1a: Misdreavus|169/268","|-damage|p2a: Klinklang|96/233|[from] recoil|[of] p1a: Misdreavus","|-damage|p2a: Klinklang|73/233|[from] item: Life Orb","|","|-heal|p1a: Misdreavus|185/268|[from] item: Leftovers","|turn|2","|callback|decision","|chat|ϟ Umbreon Queen 13|KIBA! ^_^","|chat|Kiba-Furry|Hi silver","|","|move|p1a: Misdreavus|Hidden Power|p2a: Klinklang","|-supereffective|p2a: Klinklang","|-damage|p2a: Klinklang|0 fnt","|faint|p2a: Klinklang","|","|-heal|p1a: Misdreavus|201/268|[from] item: Leftovers","|callback|decision","|","|switch|p2a: Wooper|Wooper, L95, M|258/258","|turn|3","|callback|decision","|","|move|p1a: Misdreavus|Shadow Ball|p2a: Wooper","|-damage|p2a: Wooper|69/258","|move|p2a: Wooper|Toxic|p1a: Misdreavus","|-status|p1a: Misdreavus|tox","|","|-heal|p1a: Misdreavus|217/268 tox|[from] item: Leftovers","|-heal|p2a: Wooper|85/258|[from] item: Leftovers","|-damage|p1a: Misdreavus|201/268 tox|[from] psn","|turn|4","|callback|decision","|","|move|p1a: Misdreavus|Shadow Ball|p2a: Wooper","|-damage|p2a: Wooper|0 fnt","|faint|p2a: Wooper","|","|-heal|p1a: Misdreavus|217/268 tox|[from] item: Leftovers","|-damage|p1a: Misdreavus|185/268 tox|[from] psn","|callback|decision","|","|switch|p2a: Wartortle|Wartortle, L90, M|253/253","|turn|5","|callback|decision","|","|move|p1a: Misdreavus|Thunderbolt|p2a: Wartortle","|-supereffective|p2a: Wartortle","|-damage|p2a: Wartortle|91/253","|move|p2a: Wartortle|Ice Beam|p1a: Misdreavus","|-damage|p1a: Misdreavus|116/268 tox","|-damage|p2a: Wartortle|66/253|[from] item: Life Orb","|","|-heal|p1a: Misdreavus|132/268 tox|[from] item: Leftovers","|-damage|p1a: Misdreavus|84/268 tox|[from] psn","|turn|6","|callback|decision","|","|move|p1a: Misdreavus|Thunderbolt|p2a: Wartortle","|-supereffective|p2a: Wartortle","|-damage|p2a: Wartortle|0 fnt","|faint|p2a: Wartortle","|","|-heal|p1a: Misdreavus|100/268 tox|[from] item: Leftovers","|-damage|p1a: Misdreavus|36/268 tox|[from] psn","|callback|decision","|","|switch|p2a: Shaymin|Shaymin, L78|284/284","|turn|7","|callback|decision","|","|move|p1a: Misdreavus|Shadow Ball|p2a: Shaymin","|-damage|p2a: Shaymin|184/284","|move|p2a: Shaymin|Air Slash|p1a: Misdreavus","|-damage|p1a: Misdreavus|0 fnt","|faint|p1a: Misdreavus","|","|-heal|p2a: Shaymin|201/284|[from] item: Leftovers","|callback|decision","|chat|Kiba-Furry|Shadow?","|chat|ShadowFromNorth|yeah?","|","|switch|p1a: Bouffalant|Bouffalant, L82, M|290/290","|turn|8","|callback|decision","|chat|ShadowFromNorth|what is it?","|chat|ϟ Umbreon Queen 13|its not are Shadow kiba","|","|move|p2a: Shaymin|Seed Flare|p1a: Bouffalant","|-damage|p1a: Bouffalant|178/290","|move|p1a: Bouffalant|Stone Edge|p2a: Shaymin","|-damage|p2a: Shaymin|84/284","|","|-heal|p2a: Shaymin|101/284|[from] item: Leftovers","|turn|9","|callback|decision","|chat|Kiba-Furry|just checking if it was you","|chat|Kiba-Furry|oh, then never mind","|chat|ShadowFromNorth|uhh.. what?","|chat|ϟ Umbreon Queen 13|we got a freind named Shadow","|chat|ShadowFromNorth|so thats why you pm'd me","|chat|ϟ Umbreon Queen 13|we both thot it was you ","|chat|ϟ Umbreon Queen 13|but nope","|chat|ShadowFromNorth|really","|","|move|p2a: Shaymin|Air Slash|p1a: Bouffalant","|-damage|p1a: Bouffalant|132/290","|cant|p1a: Bouffalant|flinch","|","|-heal|p2a: Shaymin|118/284|[from] item: Leftovers","|turn|10","|callback|decision","|","|move|p2a: Shaymin|Seed Flare|p1a: Bouffalant","|-damage|p1a: Bouffalant|30/290","|move|p1a: Bouffalant|Stone Edge|p2a: Shaymin","|-damage|p2a: Shaymin|3/284","|","|-heal|p2a: Shaymin|20/284|[from] item: Leftovers","|turn|11","|callback|decision","|","|move|p2a: Shaymin|Air Slash|p1a: Bouffalant","|-damage|p1a: Bouffalant|0 fnt","|faint|p1a: Bouffalant","|","|-heal|p2a: Shaymin|37/284|[from] item: Leftovers","|callback|decision","|","|switch|p1a: Blaziken|Blaziken, L74, F|240/240","|-item|p1a: Blaziken|Air Balloon","|turn|12","|callback|decision","|","|move|p2a: Shaymin|Rest|p2a: Shaymin","|-status|p2a: Shaymin|slp","|-heal|p2a: Shaymin|284/284 slp|[silent]","|-status|p2a: Shaymin|slp|[from] move: Rest","|move|p1a: Blaziken|Brave Bird|p2a: Shaymin","|-supereffective|p2a: Shaymin","|-damage|p2a: Shaymin|132/284 slp","|-damage|p1a: Blaziken|190/240|[from] recoil|[of] p2a: Shaymin","|","|-heal|p2a: Shaymin|149/284 slp|[from] item: Leftovers","|-boost|p1a: Blaziken|spe|1|[from] ability: Speed Boost","|turn|13","|callback|decision","|","|switch|p2a: Raikou|Raikou, L78|268/268","|move|p1a: Blaziken|Flare Blitz|p2a: Raikou","|-damage|p2a: Raikou|124/268","|-damage|p1a: Blaziken|142/240|[from] recoil|[of] p2a: Raikou","|","|-heal|p2a: Raikou|140/268|[from] item: Leftovers","|-boost|p1a: Blaziken|spe|1|[from] ability: Speed Boost","|turn|14","|callback|decision","|","|move|p1a: Blaziken|Brave Bird|p2a: Raikou","|-resisted|p2a: Raikou","|-damage|p2a: Raikou|94/268","|-damage|p1a: Blaziken|127/240|[from] recoil|[of] p2a: Raikou","|move|p2a: Raikou|Thunderbolt|p1a: Blaziken","|-damage|p1a: Blaziken|0 fnt","|-enditem|p1a: Blaziken|Air Balloon","|faint|p1a: Blaziken","|","|-heal|p2a: Raikou|110/268|[from] item: Leftovers","|callback|decision","|","|switch|p1a: Magneton|Magneton, L82|216/216","|-item|p1a: Magneton|Air Balloon","|turn|15","|callback|decision","|","|move|p2a: Raikou|Aura Sphere|p1a: Magneton","|-supereffective|p1a: Magneton","|-damage|p1a: Magneton|60/216","|-enditem|p1a: Magneton|Air Balloon","|move|p1a: Magneton|Hidden Power|p2a: Raikou","|-crit|p2a: Raikou","|-damage|p2a: Raikou|9/268","|","|-heal|p2a: Raikou|25/268|[from] item: Leftovers","|turn|16","|callback|decision","|","|move|p2a: Raikou|Aura Sphere|p1a: Magneton","|-supereffective|p1a: Magneton","|-damage|p1a: Magneton|0 fnt","|faint|p1a: Magneton","|","|-heal|p2a: Raikou|41/268|[from] item: Leftovers","|callback|decision","|","|switch|p1a: Chimchar|Chimchar, L95, F|238/238","|-item|p1a: Chimchar|Air Balloon","|turn|17","|callback|decision","|","|move|p2a: Raikou|Thunderbolt|p1a: Chimchar","|-damage|p1a: Chimchar|90/238","|-enditem|p1a: Chimchar|Air Balloon","|move|p1a: Chimchar|Hidden Power|p2a: Raikou","|-damage|p2a: Raikou|0 fnt","|faint|p2a: Raikou","|","|callback|decision","|","|switch|p2a: Mienshao|Mienshao, L78, F|229/229","|turn|18","|callback|decision","|","|move|p2a: Mienshao|Fake Out|p1a: Chimchar","|-damage|p1a: Chimchar|47/238","|cant|p1a: Chimchar|flinch","|","|turn|19","|callback|decision","|","|move|p2a: Mienshao|Drain Punch|p1a: Chimchar","|-damage|p1a: Chimchar|0 fnt","|faint|p1a: Chimchar","|","|callback|decision","|","|switch|p1a: Jellicent|Jellicent, L74, F|270/270","|turn|20","|callback|decision","|","|move|p2a: Mienshao|Drain Punch|p1a: Jellicent","|-immune|p1a: Jellicent|[msg]","|move|p1a: Jellicent|Shadow Ball|p2a: Mienshao","|-damage|p2a: Mienshao|144/229","|","|-heal|p2a: Mienshao|158/229|[from] item: Leftovers","|turn|21","|callback|decision","|","|move|p2a: Mienshao|Drain Punch|p1a: Jellicent","|-immune|p1a: Jellicent|[msg]","|move|p1a: Jellicent|Giga Drain|p2a: Mienshao","|-damage|p2a: Mienshao|103/229","|","|-heal|p2a: Mienshao|117/229|[from] item: Leftovers","|turn|22","|callback|decision","|","|move|p2a: Mienshao|Fake Out|p1a: Jellicent","|-immune|p1a: Jellicent|[msg]","|move|p1a: Jellicent|Will-O-Wisp|p2a: Mienshao|[miss]","|-miss|p1a: Jellicent|p2a: Mienshao","|","|-heal|p2a: Mienshao|131/229|[from] item: Leftovers","|turn|23","|callback|decision","|","|move|p2a: Mienshao|Drain Punch|p1a: Jellicent","|-immune|p1a: Jellicent|[msg]","|move|p1a: Jellicent|Toxic|p2a: Mienshao","|-status|p2a: Mienshao|tox","|","|-heal|p2a: Mienshao|145/229 tox|[from] item: Leftovers","|-damage|p2a: Mienshao|131/229 tox|[from] psn","|turn|24","|callback|decision","|","|move|p2a: Mienshao|Drain Punch|p1a: Jellicent","|-immune|p1a: Jellicent|[msg]","|move|p1a: Jellicent|Shadow Ball|p2a: Mienshao","|-damage|p2a: Mienshao|50/229 tox","|-unboost|p2a: Mienshao|spd|1","|","|-heal|p2a: Mienshao|64/229 tox|[from] item: Leftovers","|-damage|p2a: Mienshao|36/229 tox|[from] psn","|turn|25","|callback|decision","|","|move|p2a: Mienshao|Swords Dance|p2a: Mienshao","|-boost|p2a: Mienshao|atk|2","|move|p1a: Jellicent|Shadow Ball|p2a: Mienshao","|-crit|p2a: Mienshao","|-damage|p2a: Mienshao|0 fnt","|faint|p2a: Mienshao","|","|callback|decision","|","|switch|p2a: Shaymin|Shaymin, L78|149/284","|turn|26","|callback|decision","|","|move|p2a: Shaymin|Seed Flare|p1a: Jellicent","|-supereffective|p1a: Jellicent","|-damage|p1a: Jellicent|34/270","|-unboost|p1a: Jellicent|spd|2","|move|p1a: Jellicent|Shadow Ball|p2a: Shaymin","|-damage|p2a: Shaymin|95/284","|","|-heal|p2a: Shaymin|112/284|[from] item: Leftovers","|-heal|p1a: Jellicent|50/270|[from] item: Leftovers","|turn|27","|callback|decision","|chat|Kiba-Furry|why drain pouch?","|chat|ShadowFromNorth|had no other moves","|chat|Kiba-Furry|*punch","|","|move|p2a: Shaymin|Air Slash|p1a: Jellicent","|-damage|p1a: Jellicent|0 fnt","|faint|p1a: Jellicent","|","|win|ShadowFromNorth"],"p1rating":{"entryid":696859,"formatid":"tervarirandombattle","userid":"umbreonqueen13","username":"ϟ Umbreon Queen 13","r":1500,"rd":350,"sigma":0.06,"rpr":1337.6891074328,"rprd":290.31896252483,"rpsigma":0.059999269601799,"gxe":37,"rptime":1385164800,"w":0,"l":1,"t":0,"acre":928.9453706669,"lacre":-4071.0546293331,"oldacre":1007.0121159332,"oldrdacre":844.70122336593},"p2rating":{"entryid":696860,"formatid":"tervarirandombattle","userid":"shadowfromnorth","username":"ShadowFromNorth","r":1500,"rd":350,"sigma":0.06,"rpr":1662.3108925672,"rprd":290.31896252483,"rpsigma":0.059999269601799,"gxe":63,"rptime":1385164800,"w":1,"l":0,"t":0,"acre":1253.5671558013,"lacre":-3746.4328441987,"oldacre":1007.0121159332,"oldrdacre":1169.3230085004},"endType":"normal"}