{"turns":88,"p1":"Usernameme","p2":"Fudgebutt","p1team":[{"name":"Chansey","moves":["wish","protect","aromatherapy","stealthrock"],"ability":"Natural Cure","evs":{"hp":85,"atk":85,"def":85,"spa":85,"spd":85,"spe":85},"ivs":{"hp":31,"atk":31,"def":31,"spa":31,"spd":31,"spe":31},"item":"Leftovers","level":78,"shiny":false},{"name":"Doduo","moves":["roost","pursuit","return","quickattack"],"ability":"Early Bird","evs":{"hp":85,"atk":85,"def":85,"spa":85,"spd":85,"spe":85},"ivs":{"hp":31,"atk":31,"def":31,"spa":31,"spd":31,"spe":31},"item":"Leftovers","level":95,"shiny":false},{"name":"Pichu","moves":["encore","thunderbolt","toxic","volttackle"],"ability":"Lightningrod","evs":{"hp":85,"atk":85,"def":85,"spa":85,"spd":85,"spe":85},"ivs":{"hp":31,"atk":31,"def":31,"spa":31,"spd":31,"spe":31},"item":"Air Balloon","level":99,"shiny":false},{"name":"Absol","moves":["suckerpunch","superpower","pursuit","megahorn"],"ability":"Pressure","evs":{"hp":85,"atk":85,"def":85,"spa":85,"spd":85,"spe":85},"ivs":{"hp":31,"atk":31,"def":31,"spa":31,"spd":31,"spe":31},"item":"Expert Belt","level":82,"shiny":false},{"name":"Sandslash","moves":["toxic","stealthrock","rapidspin","earthquake"],"ability":"Sand Rush","evs":{"hp":85,"atk":85,"def":85,"spa":85,"spd":85,"spe":85},"ivs":{"hp":31,"atk":31,"def":31,"spa":31,"spd":31,"spe":31},"item":"Leftovers","level":82,"shiny":false},{"name":"Mewtwo","moves":["calmmind","aurasphere","icebeam","substitute"],"ability":"Pressure","evs":{"hp":85,"atk":85,"def":85,"spa":85,"spd":85,"spe":85},"ivs":{"hp":31,"atk":31,"def":31,"spa":31,"spd":31,"spe":31},"item":"Leftovers","level":70,"shiny":false}],"p2team":[{"name":"Lunatone","moves":["rockpolish","icebeam","psychic","moonlight"],"ability":"Levitate","evs":{"hp":85,"atk":85,"def":85,"spa":85,"spd":85,"spe":85},"ivs":{"hp":31,"atk":31,"def":31,"spa":31,"spd":31,"spe":31},"item":"Focus Sash","level":86,"shiny":false},{"name":"Whismur","moves":["hypervoice","fireblast","shadowball","icebeam"],"ability":"Soundproof","evs":{"hp":85,"atk":85,"def":85,"spa":85,"spd":85,"spe":85},"ivs":{"hp":31,"atk":31,"def":31,"spa":31,"spd":31,"spe":31},"item":"Choice Specs","level":95,"shiny":false},{"name":"Cloyster","moves":["toxicspikes","iceshard","iciclespear","shellsmash"],"ability":"Skill Link","evs":{"hp":85,"atk":85,"def":85,"spa":85,"spd":85,"spe":85},"ivs":{"hp":31,"atk":31,"def":31,"spa":31,"spd":31,"spe":31},"item":"White Herb","level":74,"shiny":false},{"name":"Simipour","moves":["nastyplot","hydropump","grassknot","substitute"],"ability":"Torrent","evs":{"hp":85,"atk":85,"def":85,"spa":85,"spd":85,"spe":85},"ivs":{"hp":31,"atk":31,"def":31,"spa":31,"spd":31,"spe":31},"item":"Leftovers","level":86,"shiny":false},{"name":"Infernape","moves":["closecombat","machpunch","swordsdance","stoneedge"],"ability":"Iron Fist","evs":{"hp":85,"atk":85,"def":85,"spa":85,"spd":85,"spe":85},"ivs":{"hp":31,"atk":31,"def":31,"spa":31,"spd":31,"spe":31},"item":"Life Orb","level":74,"shiny":false},{"name":"Magnezone","moves":["flashcannon","hiddenpowerice","magnetrise","thunderwave"],"ability":"Magnet Pull","evs":{"hp":85,"atk":85,"def":85,"spa":85,"spd":85,"spe":85},"ivs":{"hp":31,"atk":30,"def":30,"spa":31,"spd":31,"spe":31},"item":"Leftovers","level":74,"shiny":false}],"log":["|player|p1|Usernameme|2","|player|p2|Fudgebutt|151","|gametype|singles","|tier|[Gen 5] Random Battle","|rated","|rule|Sleep Clause Mod: Limit one foe put to sleep","|rule|HP Percentage Mod: HP is reported as percentages","|","|start","|switch|p1a: Chansey|Chansey, L78, F|518/518","|switch|p2a: Lunatone|Lunatone, L86|261/261","|turn|1","|callback|decision","|","|move|p2a: Lunatone|Rock Polish|p2a: Lunatone","|-boost|p2a: Lunatone|spe|2","|move|p1a: Chansey|Stealth Rock|p2a: Lunatone","|-sidestart|p2: Fudgebutt|move: Stealth Rock","|","|turn|2","|callback|decision","|","|move|p2a: Lunatone|Psychic|p1a: Chansey","|-damage|p1a: Chansey|425/518","|move|p1a: Chansey|Wish|p1a: Chansey","|","|-heal|p1a: Chansey|457/518|[from] item: Leftovers","|turn|3","|callback|decision","|","|move|p1a: Chansey|Protect|p1a: Chansey","|-singleturn|p1a: Chansey|Protect","|move|p2a: Lunatone|Ice Beam|p1a: Chansey","|-activate|p1a: Chansey|Protect","|","|-heal|p1a: Chansey|518/518|[from] move: Wish|[wisher] Chansey","|turn|4","|callback|decision","|","|move|p2a: Lunatone|Ice Beam|p1a: Chansey","|-crit|p1a: Chansey","|-damage|p1a: Chansey|394/518","|-status|p1a: Chansey|frz","|-curestatus|p1a: Chansey|frz","|move|p1a: Chansey|Wish|p1a: Chansey","|","|-heal|p1a: Chansey|426/518|[from] item: Leftovers","|turn|5","|callback|decision","|","|move|p1a: Chansey|Protect|p1a: Chansey","|-singleturn|p1a: Chansey|Protect","|move|p2a: Lunatone|Ice Beam|p1a: Chansey","|-activate|p1a: Chansey|Protect","|","|-heal|p1a: Chansey|518/518|[from] move: Wish|[wisher] Chansey","|turn|6","|callback|decision","|","|move|p2a: Lunatone|Psychic|p1a: Chansey","|-damage|p1a: Chansey|421/518","|move|p1a: Chansey|Wish|p1a: Chansey","|","|-heal|p1a: Chansey|453/518|[from] item: Leftovers","|turn|7","|callback|decision","|","|move|p1a: Chansey|Protect|p1a: Chansey","|-singleturn|p1a: Chansey|Protect","|move|p2a: Lunatone|Psychic|p1a: Chansey","|-activate|p1a: Chansey|Protect","|","|-heal|p1a: Chansey|518/518|[from] move: Wish|[wisher] Chansey","|turn|8","|callback|decision","|","|move|p2a: Lunatone|Psychic|p1a: Chansey","|-damage|p1a: Chansey|419/518","|move|p1a: Chansey|Wish|p1a: Chansey","|","|-heal|p1a: Chansey|451/518|[from] item: Leftovers","|turn|9","|callback|decision","|","|move|p1a: Chansey|Protect|p1a: Chansey","|-singleturn|p1a: Chansey|Protect","|move|p2a: Lunatone|Psychic|p1a: Chansey","|-activate|p1a: Chansey|Protect","|","|-heal|p1a: Chansey|518/518|[from] move: Wish|[wisher] Chansey","|turn|10","|callback|decision","|","|move|p2a: Lunatone|Psychic|p1a: Chansey","|-damage|p1a: Chansey|430/518","|move|p1a: Chansey|Wish|p1a: Chansey","|","|-heal|p1a: Chansey|462/518|[from] item: Leftovers","|turn|11","|callback|decision","|","|move|p1a: Chansey|Protect|p1a: Chansey","|-singleturn|p1a: Chansey|Protect","|move|p2a: Lunatone|Rock Polish|p2a: Lunatone","|-boost|p2a: Lunatone|spe|2","|","|-heal|p1a: Chansey|518/518|[from] move: Wish|[wisher] Chansey","|turn|12","|callback|decision","|","|move|p2a: Lunatone|Psychic|p1a: Chansey","|-damage|p1a: Chansey|430/518","|move|p1a: Chansey|Wish|p1a: Chansey","|","|-heal|p1a: Chansey|462/518|[from] item: Leftovers","|turn|13","|callback|decision","|","|move|p1a: Chansey|Protect|p1a: Chansey","|-singleturn|p1a: Chansey|Protect","|move|p2a: Lunatone|Rock Polish|p2a: Lunatone","|-boost|p2a: Lunatone|spe|2","|","|-heal|p1a: Chansey|518/518|[from] move: Wish|[wisher] Chansey","|turn|14","|callback|decision","|","|move|p2a: Lunatone|Psychic|p1a: Chansey","|-damage|p1a: Chansey|421/518","|move|p1a: Chansey|Aromatherapy|p1a: Chansey","|-cureteam|p1a: Chansey|[from] move: Aromatherapy","|","|-heal|p1a: Chansey|453/518|[from] item: Leftovers","|turn|15","|callback|decision","|","|move|p2a: Lunatone|Psychic|p1a: Chansey","|-damage|p1a: Chansey|365/518","|move|p1a: Chansey|Wish|p1a: Chansey","|","|-heal|p1a: Chansey|397/518|[from] item: Leftovers","|turn|16","|callback|decision","|","|move|p1a: Chansey|Protect|p1a: Chansey","|-singleturn|p1a: Chansey|Protect","|move|p2a: Lunatone|Rock Polish|p2a: Lunatone","|-fail|p2a: Lunatone","|","|-heal|p1a: Chansey|518/518|[from] move: Wish|[wisher] Chansey","|turn|17","|callback|decision","|","|move|p2a: Lunatone|Ice Beam|p1a: Chansey","|-damage|p1a: Chansey|452/518","|move|p1a: Chansey|Stealth Rock|p2a: Lunatone","|-fail|p2a: Lunatone","|","|-heal|p1a: Chansey|484/518|[from] item: Leftovers","|turn|18","|callback|decision","|","|move|p1a: Chansey|Protect|p1a: Chansey","|-singleturn|p1a: Chansey|Protect","|move|p2a: Lunatone|Ice Beam|p1a: Chansey","|-activate|p1a: Chansey|Protect","|","|-heal|p1a: Chansey|516/518|[from] item: Leftovers","|turn|19","|callback|decision","|","|move|p2a: Lunatone|Ice Beam|p1a: Chansey","|-damage|p1a: Chansey|453/518","|move|p1a: Chansey|Aromatherapy|p1a: Chansey","|-cureteam|p1a: Chansey|[from] move: Aromatherapy","|","|-heal|p1a: Chansey|485/518|[from] item: Leftovers","|turn|20","|callback|decision","|","|move|p2a: Lunatone|Ice Beam|p1a: Chansey","|-damage|p1a: Chansey|419/518","|move|p1a: Chansey|Aromatherapy|p1a: Chansey","|-cureteam|p1a: Chansey|[from] move: Aromatherapy","|","|-heal|p1a: Chansey|451/518|[from] item: Leftovers","|turn|21","|callback|decision","|","|move|p2a: Lunatone|Ice Beam|p1a: Chansey","|-damage|p1a: Chansey|385/518","|move|p1a: Chansey|Wish|p1a: Chansey","|","|-heal|p1a: Chansey|417/518|[from] item: Leftovers","|turn|22","|callback|decision","|","|move|p1a: Chansey|Protect|p1a: Chansey","|-singleturn|p1a: Chansey|Protect","|move|p2a: Lunatone|Ice Beam|p1a: Chansey","|-activate|p1a: Chansey|Protect","|","|-heal|p1a: Chansey|518/518|[from] move: Wish|[wisher] Chansey","|turn|23","|callback|decision","|","|move|p2a: Lunatone|Ice Beam|p1a: Chansey","|-damage|p1a: Chansey|457/518","|move|p1a: Chansey|Aromatherapy|p1a: Chansey","|-cureteam|p1a: Chansey|[from] move: Aromatherapy","|","|-heal|p1a: Chansey|489/518|[from] item: Leftovers","|turn|24","|callback|decision","|","|move|p2a: Lunatone|Ice Beam|p1a: Chansey","|-damage|p1a: Chansey|421/518","|move|p1a: Chansey|Stealth Rock|p2a: Lunatone","|-fail|p2a: Lunatone","|","|-heal|p1a: Chansey|453/518|[from] item: Leftovers","|turn|25","|callback|decision","|","|move|p1a: Chansey|Protect|p1a: Chansey","|-singleturn|p1a: Chansey|Protect","|move|p2a: Lunatone|Psychic|p1a: Chansey","|-activate|p1a: Chansey|Protect","|","|-heal|p1a: Chansey|485/518|[from] item: Leftovers","|turn|26","|callback|decision","|","|move|p2a: Lunatone|Psychic|p1a: Chansey","|-damage|p1a: Chansey|397/518","|move|p1a: Chansey|Aromatherapy|p1a: Chansey","|-cureteam|p1a: Chansey|[from] move: Aromatherapy","|","|-heal|p1a: Chansey|429/518|[from] item: Leftovers","|turn|27","|callback|decision","|","|move|p2a: Lunatone|Ice Beam|p1a: Chansey","|-damage|p1a: Chansey|369/518","|move|p1a: Chansey|Aromatherapy|p1a: Chansey","|-cureteam|p1a: Chansey|[from] move: Aromatherapy","|","|-heal|p1a: Chansey|401/518|[from] item: Leftovers","|turn|28","|callback|decision","|","|move|p2a: Lunatone|Ice Beam|p1a: Chansey","|-damage|p1a: Chansey|338/518","|move|p1a: Chansey|Wish|p1a: Chansey","|","|-heal|p1a: Chansey|370/518|[from] item: Leftovers","|turn|29","|callback|decision","|","|move|p1a: Chansey|Protect|p1a: Chansey","|-singleturn|p1a: Chansey|Protect","|move|p2a: Lunatone|Rock Polish|p2a: Lunatone","|-fail|p2a: Lunatone","|","|-heal|p1a: Chansey|518/518|[from] move: Wish|[wisher] Chansey","|turn|30","|callback|decision","|","|move|p2a: Lunatone|Ice Beam|p1a: Chansey","|-damage|p1a: Chansey|448/518","|move|p1a: Chansey|Aromatherapy|p1a: Chansey","|-cureteam|p1a: Chansey|[from] move: Aromatherapy","|","|-heal|p1a: Chansey|480/518|[from] item: Leftovers","|turn|31","|callback|decision","|","|move|p2a: Lunatone|Ice Beam|p1a: Chansey","|-damage|p1a: Chansey|420/518","|move|p1a: Chansey|Aromatherapy|p1a: Chansey","|-cureteam|p1a: Chansey|[from] move: Aromatherapy","|","|-heal|p1a: Chansey|452/518|[from] item: Leftovers","|turn|32","|callback|decision","|","|move|p2a: Lunatone|Ice Beam|p1a: Chansey","|-damage|p1a: Chansey|389/518","|move|p1a: Chansey|Wish|p1a: Chansey","|","|-heal|p1a: Chansey|421/518|[from] item: Leftovers","|turn|33","|callback|decision","|","|move|p1a: Chansey|Protect|p1a: Chansey","|-singleturn|p1a: Chansey|Protect","|move|p2a: Lunatone|Rock Polish|p2a: Lunatone","|-fail|p2a: Lunatone","|","|-heal|p1a: Chansey|518/518|[from] move: Wish|[wisher] Chansey","|turn|34","|callback|decision","|","|move|p2a: Lunatone|Rock Polish|p2a: Lunatone","|-fail|p2a: Lunatone","|move|p1a: Chansey|Stealth Rock|p2a: Lunatone","|-fail|p2a: Lunatone","|","|turn|35","|callback|decision","|","|move|p2a: Lunatone|Rock Polish|p2a: Lunatone","|-fail|p2a: Lunatone","|move|p1a: Chansey|Stealth Rock|p2a: Lunatone","|-fail|p2a: Lunatone","|","|turn|36","|callback|decision","|","|move|p2a: Lunatone|Rock Polish|p2a: Lunatone","|-fail|p2a: Lunatone","|move|p1a: Chansey|Stealth Rock|p2a: Lunatone","|-fail|p2a: Lunatone","|","|turn|37","|callback|decision","|","|move|p2a: Lunatone|Rock Polish|p2a: Lunatone","|-fail|p2a: Lunatone","|move|p1a: Chansey|Stealth Rock|p2a: Lunatone","|-fail|p2a: Lunatone","|","|turn|38","|callback|decision","|","|move|p2a: Lunatone|Rock Polish|p2a: Lunatone","|-fail|p2a: Lunatone","|move|p1a: Chansey|Stealth Rock|p2a: Lunatone","|-fail|p2a: Lunatone","|","|turn|39","|callback|decision","|","|move|p2a: Lunatone|Rock Polish|p2a: Lunatone","|-fail|p2a: Lunatone","|move|p1a: Chansey|Stealth Rock|p2a: Lunatone","|-fail|p2a: Lunatone","|","|turn|40","|callback|decision","|","|move|p2a: Lunatone|Rock Polish|p2a: Lunatone","|-fail|p2a: Lunatone","|move|p1a: Chansey|Stealth Rock|p2a: Lunatone","|-fail|p2a: Lunatone","|","|turn|41","|callback|decision","|","|move|p2a: Lunatone|Rock Polish|p2a: Lunatone","|-fail|p2a: Lunatone","|move|p1a: Chansey|Stealth Rock|p2a: Lunatone","|-fail|p2a: Lunatone","|","|turn|42","|callback|decision","|","|move|p2a: Lunatone|Rock Polish|p2a: Lunatone","|-fail|p2a: Lunatone","|move|p1a: Chansey|Stealth Rock|p2a: Lunatone","|-fail|p2a: Lunatone","|","|turn|43","|callback|decision","|","|move|p2a: Lunatone|Rock Polish|p2a: Lunatone","|-fail|p2a: Lunatone","|move|p1a: Chansey|Stealth Rock|p2a: Lunatone","|-fail|p2a: Lunatone","|","|turn|44","|callback|decision","|","|move|p2a: Lunatone|Rock Polish|p2a: Lunatone","|-fail|p2a: Lunatone","|move|p1a: Chansey|Stealth Rock|p2a: Lunatone","|-fail|p2a: Lunatone","|","|turn|45","|callback|decision","|","|move|p2a: Lunatone|Rock Polish|p2a: Lunatone","|-fail|p2a: Lunatone","|move|p1a: Chansey|Stealth Rock|p2a: Lunatone","|-fail|p2a: Lunatone","|","|turn|46","|callback|decision","|","|move|p2a: Lunatone|Rock Polish|p2a: Lunatone","|-fail|p2a: Lunatone","|move|p1a: Chansey|Stealth Rock|p2a: Lunatone","|-fail|p2a: Lunatone","|","|turn|47","|callback|decision","|","|move|p2a: Lunatone|Rock Polish|p2a: Lunatone","|-fail|p2a: Lunatone","|move|p1a: Chansey|Stealth Rock|p2a: Lunatone","|-fail|p2a: Lunatone","|","|turn|48","|callback|decision","|","|move|p2a: Lunatone|Rock Polish|p2a: Lunatone","|-fail|p2a: Lunatone","|move|p1a: Chansey|Stealth Rock|p2a: Lunatone","|-fail|p2a: Lunatone","|","|turn|49","|callback|decision","|","|move|p2a: Lunatone|Rock Polish|p2a: Lunatone","|-fail|p2a: Lunatone","|move|p1a: Chansey|Stealth Rock|p2a: Lunatone","|-fail|p2a: Lunatone","|","|turn|50","|callback|decision","|","|move|p2a: Lunatone|Rock Polish|p2a: Lunatone","|-fail|p2a: Lunatone","|move|p1a: Chansey|Stealth Rock|p2a: Lunatone","|-fail|p2a: Lunatone","|","|turn|51","|callback|decision","|","|move|p2a: Lunatone|Rock Polish|p2a: Lunatone","|-fail|p2a: Lunatone","|move|p1a: Chansey|Stealth Rock|p2a: Lunatone","|-fail|p2a: Lunatone","|","|turn|52","|callback|decision","|","|move|p2a: Lunatone|Rock Polish|p2a: Lunatone","|-fail|p2a: Lunatone","|move|p1a: Chansey|Stealth Rock|p2a: Lunatone","|-fail|p2a: Lunatone","|","|turn|53","|callback|decision","|chat|Ѕhаdow|Fastest.","|chat|Mr.ShinyMudkip|See","|","|move|p2a: Lunatone|Rock Polish|p2a: Lunatone","|-fail|p2a: Lunatone","|move|p1a: Chansey|Stealth Rock|p2a: Lunatone","|-fail|p2a: Lunatone","|","|turn|54","|callback|decision","|chat|Ѕhаdow|Battle.","|chat|Ѕhаdow|aaever.","|chat|Ѕhаdow|*EVER.","|chat|Mr.ShinyMudkip|I know right","|","|move|p2a: Lunatone|Rock Polish|p2a: Lunatone","|-fail|p2a: Lunatone","|move|p1a: Chansey|Stealth Rock|p2a: Lunatone","|-fail|p2a: Lunatone","|","|turn|55","|callback|decision","|chat|Mr.ShinyMudkip|only 1 pokemon xD","|chat|Ѕhаdow|These people.","|chat|Ѕhаdow|Are simply.","|chat|Ѕhаdow|Amazing.","|chat|Ѕhаdow|Wow.","|chat|Mr.ShinyMudkip|Yep.","|","|move|p2a: Lunatone|Rock Polish|p2a: Lunatone","|-fail|p2a: Lunatone","|move|p1a: Chansey|Stealth Rock|p2a: Lunatone","|-fail|p2a: Lunatone","|","|turn|56","|callback|decision","|chat|Ѕhаdow|=-=","|chat|Mr.ShinyMudkip|:I","|","|move|p2a: Lunatone|Rock Polish|p2a: Lunatone","|-fail|p2a: Lunatone","|move|p1a: Chansey|Stealth Rock|p2a: Lunatone","|-fail|p2a: Lunatone","|","|turn|57","|callback|decision","|","|move|p2a: Lunatone|Rock Polish|p2a: Lunatone","|-fail|p2a: Lunatone","|move|p1a: Chansey|Stealth Rock|p2a: Lunatone","|-fail|p2a: Lunatone","|","|turn|58","|callback|decision","|","|move|p2a: Lunatone|Rock Polish|p2a: Lunatone","|-fail|p2a: Lunatone","|move|p1a: Chansey|Stealth Rock|p2a: Lunatone","|-fail|p2a: Lunatone","|","|turn|59","|callback|decision","|","|move|p2a: Lunatone|Rock Polish|p2a: Lunatone","|-fail|p2a: Lunatone","|move|p1a: Chansey|Stealth Rock|p2a: Lunatone","|-fail|p2a: Lunatone","|","|turn|60","|callback|decision","|","|move|p2a: Lunatone|Psychic|p1a: Chansey","|-damage|p1a: Chansey|427/518","|move|p1a: Chansey|Stealth Rock|p2a: Lunatone","|-fail|p2a: Lunatone","|","|-heal|p1a: Chansey|459/518|[from] item: Leftovers","|turn|61","|callback|decision","|","|move|p2a: Lunatone|Psychic|p1a: Chansey","|-damage|p1a: Chansey|359/518","|move|p1a: Chansey|Stealth Rock|p2a: Lunatone","|-fail|p2a: Lunatone","|","|-heal|p1a: Chansey|391/518|[from] item: Leftovers","|turn|62","|callback|decision","|","|move|p2a: Lunatone|Psychic|p1a: Chansey","|-crit|p1a: Chansey","|-damage|p1a: Chansey|204/518","|move|p1a: Chansey|Stealth Rock|p2a: Lunatone","|-fail|p2a: Lunatone","|","|-heal|p1a: Chansey|236/518|[from] item: Leftovers","|turn|63","|callback|decision","|","|move|p2a: Lunatone|Psychic|p1a: Chansey","|-damage|p1a: Chansey|140/518","|move|p1a: Chansey|Wish|p1a: Chansey","|","|-heal|p1a: Chansey|172/518|[from] item: Leftovers","|turn|64","|callback|decision","|","|move|p1a: Chansey|Protect|p1a: Chansey","|-singleturn|p1a: Chansey|Protect","|move|p2a: Lunatone|Moonlight|p2a: Lunatone","|","|-heal|p1a: Chansey|431/518|[from] move: Wish|[wisher] Chansey","|-heal|p1a: Chansey|463/518|[from] item: Leftovers","|turn|65","|callback|decision","|","|move|p1a: Chansey|Protect|p1a: Chansey","|-fail|p1a: Chansey","|move|p2a: Lunatone|Psychic|p1a: Chansey","|-damage|p1a: Chansey|369/518","|","|-heal|p1a: Chansey|401/518|[from] item: Leftovers","|turn|66","|callback|decision","|","|move|p2a: Lunatone|Moonlight|p2a: Lunatone","|move|p1a: Chansey|Wish|p1a: Chansey","|","|-heal|p1a: Chansey|433/518|[from] item: Leftovers","|turn|67","|callback|decision","|","|move|p1a: Chansey|Protect|p1a: Chansey","|-singleturn|p1a: Chansey|Protect","|move|p2a: Lunatone|Moonlight|p2a: Lunatone","|","|-heal|p1a: Chansey|518/518|[from] move: Wish|[wisher] Chansey","|turn|68","|callback|decision","|","|move|p2a: Lunatone|Moonlight|p2a: Lunatone","|move|p1a: Chansey|Wish|p1a: Chansey","|","|turn|69","|callback|decision","|","|move|p1a: Chansey|Protect|p1a: Chansey","|-singleturn|p1a: Chansey|Protect","|move|p2a: Lunatone|Moonlight|p2a: Lunatone","|","|turn|70","|callback|decision","|","|move|p2a: Lunatone|Moonlight|p2a: Lunatone","|move|p1a: Chansey|Wish|p1a: Chansey","|","|turn|71","|callback|decision","|","|move|p2a: Lunatone|Moonlight|p2a: Lunatone","|move|p1a: Chansey|Wish|p1a: Chansey","|-fail|p1a: Chansey","|","|turn|72","|callback|decision","|","|move|p2a: Lunatone|Moonlight|p2a: Lunatone","|move|p1a: Chansey|Wish|p1a: Chansey","|","|turn|73","|callback|decision","|","|-activate|p2a: Lunatone|move: Struggle","|move|p2a: Lunatone|Struggle|p1a: Chansey","|-damage|p1a: Chansey|426/518","|-damage|p2a: Lunatone|196/261","|-activate|p1a: Chansey|move: Struggle","|move|p1a: Chansey|Struggle|p2a: Lunatone","|-crit|p2a: Lunatone","|-damage|p2a: Lunatone|176/261","|-damage|p1a: Chansey|297/518","|","|-heal|p1a: Chansey|518/518|[from] move: Wish|[wisher] Chansey","|turn|74","|callback|decision","|","|-activate|p2a: Lunatone|move: Struggle","|move|p2a: Lunatone|Struggle|p1a: Chansey","|-damage|p1a: Chansey|432/518","|-damage|p2a: Lunatone|111/261","|-activate|p1a: Chansey|move: Struggle","|move|p1a: Chansey|Struggle|p2a: Lunatone","|-damage|p2a: Lunatone|100/261","|-damage|p1a: Chansey|303/518","|","|-heal|p1a: Chansey|335/518|[from] item: Leftovers","|turn|75","|callback|decision","|","|-activate|p2a: Lunatone|move: Struggle","|move|p2a: Lunatone|Struggle|p1a: Chansey","|-damage|p1a: Chansey|251/518","|-damage|p2a: Lunatone|35/261","|-activate|p1a: Chansey|move: Struggle","|move|p1a: Chansey|Struggle|p2a: Lunatone","|-damage|p2a: Lunatone|24/261","|-damage|p1a: Chansey|122/518","|","|-heal|p1a: Chansey|154/518|[from] item: Leftovers","|turn|76","|callback|decision","|","|-activate|p2a: Lunatone|move: Struggle","|move|p2a: Lunatone|Struggle|p1a: Chansey","|-damage|p1a: Chansey|67/518","|-damage|p2a: Lunatone|0 fnt","|faint|p2a: Lunatone","|-activate|p1a: Chansey|move: Struggle","|move|p1a: Chansey|Struggle|p2: Lunatone|[notarget]","|-notarget","|","|-heal|p1a: Chansey|99/518|[from] item: Leftovers","|callback|decision","|","|switch|p2a: Infernape|Infernape, L74, M|234/234","|-damage|p2a: Infernape|205/234|[from] Stealth Rock","|turn|77","|callback|decision","|","|move|p2a: Infernape|Mach Punch|p1a: Chansey","|-supereffective|p1a: Chansey","|-damage|p1a: Chansey|0 fnt","|-damage|p2a: Infernape|182/234|[from] item: Life Orb","|faint|p1a: Chansey","|","|callback|decision","|","|switch|p1a: Mewtwo|Mewtwo, L70|264/264","|-ability|p1a: Mewtwo|Pressure","|turn|78","|callback|decision","|","|move|p1a: Mewtwo|Aura Sphere|p2a: Infernape","|-damage|p2a: Infernape|100/234","|move|p2a: Infernape|Stone Edge|p1a: Mewtwo","|-crit|p1a: Mewtwo","|-damage|p1a: Mewtwo|89/264","|-damage|p2a: Infernape|77/234|[from] item: Life Orb","|","|-heal|p1a: Mewtwo|105/264|[from] item: Leftovers","|turn|79","|callback|decision","|","|move|p1a: Mewtwo|Aura Sphere|p2a: Infernape","|-damage|p2a: Infernape|0 fnt","|faint|p2a: Infernape","|","|-heal|p1a: Mewtwo|121/264|[from] item: Leftovers","|callback|decision","|","|switch|p2a: Whismur|Whismur, L95, F|276/276","|-damage|p2a: Whismur|242/276|[from] Stealth Rock","|turn|80","|callback|decision","|","|move|p1a: Mewtwo|Aura Sphere|p2a: Whismur","|-supereffective|p2a: Whismur","|-damage|p2a: Whismur|0 fnt","|faint|p2a: Whismur","|","|-heal|p1a: Mewtwo|137/264|[from] item: Leftovers","|callback|decision","|","|switch|p2a: Simipour|Simipour, L86, F|269/269","|-damage|p2a: Simipour|236/269|[from] Stealth Rock","|turn|81","|callback|decision","|","|move|p2a: Simipour|Hydro Pump|p1a: Mewtwo","|-damage|p1a: Mewtwo|0 fnt","|faint|p1a: Mewtwo","|","|-heal|p2a: Simipour|252/269|[from] item: Leftovers","|callback|decision","|","|switch|p1a: Pichu|Pichu, L99, F|200/200","|-item|p1a: Pichu|Air Balloon","|turn|82","|callback|decision","|","|move|p2a: Simipour|Grass Knot|p1a: Pichu","|-damage|p1a: Pichu|174/200","|-enditem|p1a: Pichu|Air Balloon","|move|p1a: Pichu|Volt Tackle|p2a: Simipour","|-supereffective|p2a: Simipour","|-damage|p2a: Simipour|24/269","|-damage|p1a: Pichu|99/200|[from] recoil|[of] p2a: Simipour","|","|-heal|p2a: Simipour|40/269|[from] item: Leftovers","|turn|83","|callback|decision","|","|move|p2a: Simipour|Hydro Pump|p1a: Pichu","|-damage|p1a: Pichu|0 fnt","|faint|p1a: Pichu","|","|-heal|p2a: Simipour|56/269|[from] item: Leftovers","|callback|decision","|","|switch|p1a: Absol|Absol, L82, M|241/241","|-ability|p1a: Absol|Pressure","|turn|84","|callback|decision","|","|move|p2a: Simipour|Hydro Pump|p1a: Absol","|-damage|p1a: Absol|0 fnt","|faint|p1a: Absol","|","|-heal|p2a: Simipour|72/269|[from] item: Leftovers","|callback|decision","|","|switch|p1a: Doduo|Doduo, L95, F|220/220","|turn|85","|callback|decision","|","|move|p1a: Doduo|Quick Attack|p2a: Simipour","|-damage|p2a: Simipour|9/269","|move|p2a: Simipour|Hydro Pump|p1a: Doduo","|-damage|p1a: Doduo|0 fnt","|faint|p1a: Doduo","|","|-heal|p2a: Simipour|25/269|[from] item: Leftovers","|callback|decision","|","|switch|p1a: Sandslash|Sandslash, L82, F|257/257","|turn|86","|callback|decision","|","|move|p2a: Simipour|Grass Knot|p1a: Sandslash","|-supereffective|p1a: Sandslash","|-damage|p1a: Sandslash|123/257","|move|p1a: Sandslash|Earthquake|p2a: Simipour","|-damage|p2a: Simipour|0 fnt","|faint|p2a: Simipour","|","|-heal|p1a: Sandslash|139/257|[from] item: Leftovers","|callback|decision","|","|switch|p2a: Cloyster|Cloyster, L74, F|196/196","|-damage|p2a: Cloyster|147/196|[from] Stealth Rock","|turn|87","|callback|decision","|","|move|p2a: Cloyster|Ice Shard|p1a: Sandslash","|-supereffective|p1a: Sandslash","|-damage|p1a: Sandslash|77/257","|move|p1a: Sandslash|Toxic|p2a: Cloyster","|-status|p2a: Cloyster|tox","|","|-heal|p1a: Sandslash|93/257|[from] item: Leftovers","|-damage|p2a: Cloyster|135/196 tox|[from] psn","|turn|88","|callback|decision","|","|move|p1a: Sandslash|Earthquake|p2a: Cloyster","|-damage|p2a: Cloyster|65/196 tox","|move|p2a: Cloyster|Icicle Spear|p1a: Sandslash","|-supereffective|p1a: Sandslash","|-damage|p1a: Sandslash|57/257","|-supereffective|p1a: Sandslash","|-damage|p1a: Sandslash|15/257","|-supereffective|p1a: Sandslash","|-damage|p1a: Sandslash|0 fnt","|-hitcount|p1a: Sandslash|3","|faint|p1a: Sandslash","|","|win|Fudgebutt"],"p1rating":{"entryid":796989,"formatid":"gen5randombattle","userid":"usernameme","username":"Usernameme","r":1500,"rd":350,"sigma":0.06,"rpr":1337.6891074328,"rprd":290.31896252483,"rpsigma":0.059999269601799,"gxe":37,"rptime":1385683200,"w":0,"l":1,"t":0,"acre":928.9453706669,"lacre":-4071.0546293331,"oldacre":1007.0121159332,"oldrdacre":844.70122336593},"p2rating":{"entryid":796990,"formatid":"gen5randombattle","userid":"fudgebutt","username":"Fudgebutt","r":1500,"rd":350,"sigma":0.06,"rpr":1662.3108925672,"rprd":290.31896252483,"rpsigma":0.059999269601799,"gxe":63,"rptime":1385683200,"w":1,"l":0,"t":0,"acre":1253.5671558013,"lacre":-3746.4328441987,"oldacre":1007.0121159332,"oldrdacre":1169.3230085004},"endType":"normal"}